3576 5085
574 425 686 506 55]
1024 426 1106 479 De
1144 425 1424 479 stellarum
1462 424 1825 493 appellatione
1861 430 1919 479 et
1955 425 2218 494 religione
2255 426 2500 480 Romana
2818 429 2944 492 147

752 595 881 661 Sed
908 599 1178 676 praeter
1202 596 1537 661 custodem
1562 613 1756 660 ursae
1783 595 1864 660 de
1887 595 2165 662 bubulco
2198 615 2449 677 quoque
2482 597 2944 678 cogitaverunt

574 698 841 765 Graeci.
887 698 1111 763 Etiam
1149 698 1217 763 in
1256 699 1381 763 hac
1423 697 1869 778 appellatione
1906 698 2263 779 periculum
2296 699 2555 765 faciam.
2616 700 2945 765 Dixerunt

576 801 751 867 enim
796 801 1097 882 plerique
1120 801 1167 884 1)
1227 800 1579 867 bubulcum
1627 818 1772 865 eum
1835 818 1994 883 esse,
2051 801 2163 881 qui
2223 802 2507 883 plaustri
2569 803 2769 868 boves
2828 802 2943 868 im-

576 905 878 985 pelleret.
981 904 1139 969 Cum
1185 922 1341 969 vero
1394 903 1677 983 plaustri
1723 907 2044 968 temonem
2103 908 2364 969 tantum
2423 910 2492 970 et
2552 910 2750 987 rotaS,
2815 925 2942 971 non
3011 974 3014 977 Α

578 1007 873 1072 iumenta
909 1006 1200 1072 viderint
1245 1005 1583 1088 veteres,2)
1644 1004 1943 1085 proxima
2002 1011 2104 1070 est
2145 1005 2518 1072 coniectura
2572 1008 2945 1087 antiquitus

580 1110 931 1176 bubulcum
977 1128 1123 1174 eum
1168 1107 1390 1190 fuisse,
1459 1107 1572 1187 qui
1609 1109 1800 1172 boum
1863 1126 2130 1191 gregem
2182 1110 2266 1173 ab
2328 1128 2486 1174 ursa
2544 1110 2942 1176 custoditum

579 1232 741 1294 prae
799 1230 869 1277 se
931 1211 1161 1293 egerit.
1265 1211 1501 1290 Itaque
1571 1229 1721 1293 eg0,
1797 1211 1855 1275 si
1917 1211 2234 1276 audacius
2296 1212 2667 1278 coniecturo
2727 1213 2944 1293 eloqui

581 1315 754 1397 licet,
785 1312 1153 1395 putaverim
1184 1313 1298 1378 illo
1331 1317 1637 1394 tempore,
1670 1332 1795 1393 quo
1828 1319 2133 1379 arcturus
2164 1314 2360 1379 stella
2390 1320 2554 1397 erat,
2586 1334 2711 1380 non
2744 1315 2945 1397 siduS,

579 1414 686 1479 τὸν
728 1420 975 1500 βοώτην
1018 1417 1276 1482 stellam
1311 1415 1518 1482 fuisse
1551 1434 1710 1498 eam,
1757 1434 1925 1496 quae
1971 1416 2240 1497 reliquis
2272 1417 2569 1483 imminet
2613 1424 2942 1499 tamquam

579 1529 808 1601 pastor
852 1520 1039 1602 gregi
1085 1519 1523 1600 praecedenti,
1571 1519 1682 1599 qui
1725 1518 1899 1583 idem
1945 1538 2213 1601 gregem
2255 1539 2439 1586 suum
2487 1522 2570 1586 ab
2605 1540 2802 1587 ursae
2846 1521 2942 1586 in-

576 1623 881 1688 cursione
926 1621 1240 1687 defendit.

750 1727 845 1790 At
892 1725 950 1790 si
998 1743 1303 1806 umquam
1352 1725 1511 1790 talis
1557 1730 1858 1791 veterum
1906 1726 2304 1791 Graecorum
2348 1725 2561 1807 opinio
2606 1725 2751 1807 fuit,
2798 1746 2943 1792 mox

573 1828 817 1893 obruta
863 1833 966 1893 est
1011 1827 1345 1893 sententia
1390 1846 1627 1908 eorum,
1675 1828 1787 1907 qui
1834 1833 2168 1892 arcturum
2213 1846 2406 1893 ursae
2454 1835 2785 1907 tamquam
2831 1848 2943 1909 pe-

576 1929 955 2009 dissequum
1014 1931 1417 1994 adiecerunt.
1518 1929 1806 2010 Quorum
1880 1929 2095 2009 opinio
2157 1928 2419 1994 fabulas
2480 1936 2547 1995 et
2604 1935 2942 2010 poetarum

576 2032 997 2098 narrationes
1042 2031 1338 2113 protulit,
1385 2032 1497 2112 qui
1542 2049 1737 2096 ursae
1783 2033 2116 2096 cust-odem
2171 2031 2352 2097 vario
2413 2034 2596 2097 modo
2658 2032 2944 2113 explica-

577 2139 833 2202 verunt.
923 2134 1053 2201 Sed
1097 2134 1478 2215 priusquam
1526 2136 1613 2200 ad
1659 2152 1772 2199 eas
1819 2139 2169 2215 transeam,
2229 2153 2426 2200 unum
2472 2136 2726 2216 addam,
2774 2137 2944 2214 quod

576 2242 852 2326 gravius
895 2240 1057 2307 mihi
1101 2241 1387 2307 videtur.
1497 2240 1743 2323 Quodsi
1802 2260 1992 2307 ursae
2035 2246 2253 2307 custos
2299 2241 2670 2323 appellatus
2717 2248 2820 2307 est
2863 2261 2943 2307 ex

574 2364 748 2428 ursa,
808 2349 1067 2426 tempus
1127 2344 1334 2410 fuisse
1395 2344 1539 2411 veri
1601 2349 1706 2410 est
1764 2345 1993 2425 simile,
2056 2364 2179 2424 quo
2233 2364 2388 2410 ursa
2432 2344 2578 2425 ipsa
2637 2346 2941 2410 observa-

575 2449 779 2514 batur
811 2455 878 2513 et
911 2448 1390 2529 appellabatur,
1435 2465 1631 2513 ursae
1662 2466 1818 2513 vero
1852 2453 2074 2512 custos
2119 2448 2380 2513 nomine
2412 2448 2628 2512 dictus
2660 2448 2942 2512 nondum

572 2557 744 2617 erat.
846 2551 1092 2633 Quodsi
1158 2570 1384 2617 verum
1450 2557 1577 2633 est,
1634 2569 1762 2616 non
1832 2550 2217 2617 mirabimur
2275 2570 2389 2616 nos
2451 2569 2645 2616 ursae
2712 2569 2944 2615 nomen

578 2655 823 2720 habere
869 2672 1024 2719 vere
1056 2653 1357 2734 lat-inum,
1402 2654 1907 2733 septemtriones
1949 2653 2167 2737 dico,²)
2213 2654 2483 2718 bubulci
2523 2672 2651 2719 non
2682 2655 2944 2718 habere.

579 2756 818 2835 Itaque
877 2755 1318 2821 necessarium
1378 2774 1505 2820 non
1573 2755 1702 2820 erit
1761 2775 2013 2821 sumere
2073 2756 2299 2820 Bootis
2359 2773 2590 2820 nomen
2663 2754 2943 2821 latinum

581 2876 822 2938 graeca
851 2857 1295 2938 appellatione
1313 2856 1514 2922 fuisse
1536 2875 1925 2940 repressum,
1957 2857 2149 2922 immo
2173 2857 2319 2923 veri
2351 2857 2628 2922 similius
2660 2858 2943 2940 videtur,

582 2959 858 3024 Latinos
903 2959 1017 3024 illo
1063 2964 1384 3042 tempore,
1445 2979 1568 3039 quo
1630 2960 1879 3024 arcturi
1944 2960 2451 3041 appellationem
2513 2959 2945 3041 accipiebant,

578 3062 1078 3142 septemtriones
1124 3062 1254 3127 iam
1302 3081 1418 3128 suo
1462 3062 1720 3129 nomine
1765 3063 2150 3145 appellasse,
2212 3063 2298 3129 ad
2344 3065 2676 3128 arcturum
2723 3066 2943 3127 autem

576 3165 868 3231 animum
906 3166 1188 3230 nondum
1234 3165 1621 3231 advertisse.

751 3269 890 3333 Iam
933 3269 1017 3332 ad
1056 3267 1542 3350 arctophylacis
1587 3266 1851 3332 fabulas
1882 3268 2287 3333 accedamus,
2374 3266 2728 3333 Notissima
2772 3267 2945 3334 inter

576 3370 865 3437 Graecos
890 3375 1037 3436 erat
1067 3370 1362 3436 narratio
1395 3371 1474 3435 de
1499 3369 1863 3435 Callistone
1895 3369 2168 3449 eiusque
2197 3369 2331 3435 filio
2364 3372 2639 3450 Arcade,
2673 3389 2943 3449 quorum

576 3473 695 3539 illa
718 3473 785 3538 in
817 3491 1056 3555 ursam,
1088 3473 1195 3538 hic
1220 3471 1288 3537 in
1321 3473 1653 3539 custodem
1686 3472 1985 3540 conversi
2016 3473 2154 3538 sint
2178 3472 2378 3558 (Hyg.
2403 3474 2579 3538 Astr.
2608 3473 2680 3538 ΙΙ
2706 3476 2740 3538 1
2769 3477 2837 3538 et
2860 3474 2943 3558 4),

577 3595 773 3657 quam
817 3575 1260 3642 narrationem
1323 3575 1502 3641 inter
1546 3575 1872 3641 Romanos
1929 3575 2285 3657 praecipue
2340 3575 2625 3640 excoluit
2671 3575 2943 3643 Ovidius

576 3679 759 3762 (Met.
817 3678 887 3744 II
945 3679 1071 3744 496
1089 3697 1243 3759 sqq.,
1304 3678 1487 3744 Fast.
1548 3679 1619 3743 II
1680 3679 1804 3744 153
1822 3677 2059 3762 sqq.).⁸)
2163 3678 2300 3743 Alii
2359 3679 2607 3743 Booten
2669 3680 2943 3744 eundem

577 3800 723 3847 esse
783 3782 1093 3848 dixerunt
1154 3800 1343 3862 quem
1404 3781 1692 3846 Icarium
1752 3781 1987 3847 Liberi
2038 3783 2252 3861 patris
2309 3779 2684 3864 satellitem,
2745 3781 2858 3861 qui
2904 3801 2944 3846 a

576 3884 842 3949 rusticis
887 3884 1263 3950 furentibus
1325 3883 1575 3950 occisus
1620 3884 1799 3949 inter
1843 3884 2064 3949 sidera
2122 3884 2372 3948 relatus
2418 3884 2510 3948 sit
2568 3883 2765 3968 (Hyg.
2811 3883 2943 3949 fab.

578 3986 832 4052 CXXX
848 4007 908 4069 p.
929 3988 1051 4051 107
1072 3988 1169 4067 B).
1201 3986 1723 4068 Explicationem
1752 3987 1906 4052 huic
1929 3986 2026 4052 rei
2052 3985 2236 4052 addit
2261 3986 2429 4052 idem
2451 3986 2758 4069 Hyginus
2783 3991 2941 4051 astr.

748 4158 788 4226 ¹)
826 4173 878 4211 v.
899 4157 1305 4211 adnotationem
1329 4174 1380 4225 p.
1400 4157 1468 4210 54
1493 4173 1543 4210 n.
1568 4157 1601 4209 2
1627 4162 1683 4211 et
1714 4173 1765 4212 v.
1794 4173 1838 4211 e.
1864 4156 2013 4211 Serv.
2039 4158 2206 4226 Verg.
2230 4157 2427 4226 Georg.
2453 4158 2483 4211 1
2502 4157 2596 4211 67:
2623 4157 2942 4226 (Arcturus)

574 4242 770 4312 bootae,
808 4242 949 4312 quod
985 4243 1137 4296 boves
1174 4258 1297 4295 cum
1324 4241 1579 4310 plaustro
1617 4246 1761 4312 ayat.

750 4329 791 4397 ²)
827 4330 893 4385 V.
931 4329 1076 4383 infra
1112 4345 1153 4382 c.
1193 4328 1251 4382 11
1289 4329 1320 4394 ξ
1358 4328 1406 4380 1.

750 4416 789 4483 ³)
824 4415 964 4470 Vide
1001 4414 1167 4470 etiam
1205 4413 1303 4468 Ov.
1340 4413 1490 4467 Fast.
1529 4413 1609 4468 VI
1647 4413 1778 4481 2353
1818 4413 1961 4468 FPR
1997 4413 2115 4481 361,
2152 4413 2218 4480 33
2257 4413 2449 4468 Avien.
2487 4413 2546 4465 II
2581 4411 2697 4464 259.
