3576 5085
636 443 721 509 94
1539 440 1845 496 Guilelmus
1880 441 2094 496 Gundel
2934 445 3004 532 [2

632 610 1056 695 instituimuS,
1099 611 1380 694 primum
1424 614 1543 693 est,
1603 614 1680 677 ut
1739 631 1824 677 ex
1880 615 2024 677 tota
2081 610 2602 678 testimoniorum
2661 612 3004 695 farragine

635 732 1052 782 secernamus
1096 715 1181 780 ab
1225 713 1520 780 externis
1582 732 1680 796 ea,
1741 731 1912 794 quae
1974 712 2231 779 omnino
2290 715 2463 795 apud
2522 715 2872 797 populares
2931 716 3002 782 in

633 837 757 884 usu
799 817 1050 884 fuerint
1094 816 1475 883 cottidiano.
1566 816 1690 882 Sed
1723 818 1889 882 haec
1919 815 2253 898 separatio
2299 836 2427 882 non
2458 816 2658 883 facile
2695 817 2811 884 fiet
2838 817 3005 903 ideo,

631 922 803 1002 quod
848 919 1222 1000 antiquitus
1266 922 1463 984 tanta
1504 917 1635 984 fuit
1679 918 2084 985 Graecorum
2146 917 2533 1002 auctoritaS,
2585 925 2662 985 ut
2708 920 3005 988 Graecae

636 1023 1116 1105 appellationes
1173 1020 1504 1087 interdum
1551 1021 1657 1088 vel
1702 1020 2012 1100 antiquas
2057 1021 2335 1088 Latinas
2394 1021 2835 1088 exstinxerint
2893 1024 3005 1090 vel

636 1144 864 1193 earum
908 1124 1225 1208 originem
1261 1124 1458 1191 valde
1503 1123 2021 1190 obscuraverint.
2110 1125 2275 1188 Nam
2335 1128 2411 1189 ut
2470 1123 2623 1190 aliis
2684 1124 3006 1191 doctrinis

633 1228 733 1294 ita
775 1229 1145 1294 matheseos
1189 1231 1336 1292 arte
1383 1225 1625 1292 Graeci
1667 1225 2064 1306 permultum
2108 1226 2433 1291 Romanos
2487 1229 2895 1308 superabant
2935 1233 3006 1294 et

635 1329 986 1397 scientiam
1033 1327 1527 1395 astronomicam
1548 1379 1564 1411 ,
1623 1347 1817 1408 quam
1875 1328 2080 1392 multo
2139 1332 2296 1393 ante
2353 1329 2678 1394 Romanos
2737 1329 3009 1411 scriptis

635 1433 1081 1515 celebrabant,
1140 1450 1248 1497 eos
1308 1433 1689 1496 docuerunt.
1794 1429 1952 1495 Cum
2020 1429 2335 1496 doctrinis
2409 1449 2565 1497 vero
2632 1431 3006 1514 peregrinis

637 1535 837 1602 etiam
881 1534 1211 1616 permulta
1267 1533 1665 1599 Graecorum
1708 1532 1974 1598 nomina
2031 1531 2163 1598 viri
2222 1532 2401 1598 docti
2459 1535 2636 1615 apud
2677 1535 3008 1600 Romanos

634 1637 1217 1721 pervulgaverunt,
1262 1634 1364 1701 ita
1408 1640 1485 1701 ut
1518 1635 1708 1700 nobis
1753 1635 2018 1716 saepius
2056 1634 2310 1700 Graeca
2356 1635 2741 1718 cognomina
2769 1635 3006 1702 nobili-

635 1759 817 1807 orum
861 1740 1206 1805 stellarum
1235 1743 1602 1821 occurrant,
1645 1736 1882 1818 quibus
1912 1737 2167 1803 omnino
2198 1737 2392 1819 paria
2420 1739 2716 1803 Romana
2746 1741 3003 1804 desunt.

633 1844 864 1925 Neque
908 1860 1066 1909 vero
1110 1846 1374 1907 tantum
1419 1839 1636 1908 valuit
1678 1839 2080 1906 Graecorum
2125 1840 2503 1922 auctoritaS,
2548 1844 2624 1906 ut
2669 1841 3008 1906 Romanae

634 1951 705 2014 et
734 1944 1073 2028 opiniones
1105 1948 1175 2010 et
1205 1942 1678 2026 appellationes
1707 1943 1906 2024 plane
1936 1942 2182 2023 ubique
2209 1961 2550 2025 repressae
2587 1943 2743 2009 sint.
2800 1943 3012 2008 Immo

633 2052 736 2119 tot
779 2056 848 2114 et
876 2047 1165 2115 siderum
1195 2051 1266 2112 et
1295 2046 1640 2113 stellarum
1668 2045 2223 2111 lucidissimarum
2251 2045 2685 2112 inveniuntur
2714 2045 3009 2127 appella·

637 2150 852 2216 tiones
899 2149 1219 2229 antiquae
1263 2154 1466 2228 atque
1510 2151 1612 2213 tot
1642 2147 1802 2212 locis
1849 2167 1891 2211 a
1920 2146 2352 2228 scriptoribus
2390 2150 2475 2212 ad
2507 2148 2754 2229 priscas
2798 2148 3008 2229 ipsius

635 2252 862 2335 populi
907 2250 1276 2317 sententias
1320 2249 1660 2331 alluditur,
1725 2253 1803 2313 ut
1848 2266 1976 2312 non
2021 2248 2366 2329 indignum
2425 2248 2803 2329 putaverim
2862 2267 3006 2314 eam

636 2354 983 2421 materiem
1063 2353 1190 2418 hac
1250 2351 1398 2434 ipsa
1456 2350 2040 2416 dissertatiuncula
2122 2368 2293 2430 quae
2365 2355 2467 2415 est
2525 2352 2605 2416 de
2668 2351 3010 2416 stellarum

634 2456 957 2540 religione
1001 2460 1203 2535 atque
1247 2453 1691 2536 appellatione
1734 2454 2034 2518 Romana
2078 2452 2410 2534 colligere.

813 2560 953 2644 Quo
998 2559 1070 2624 in
1115 2576 1310 2640 opere
1355 2556 1753 2623 conficiendo
1800 2558 2153 2622 secundum
2207 2574 2302 2638 ea,
2362 2574 2534 2636 quae
2592 2558 2779 2622 modo
2824 2555 3011 2624 dicta

636 2666 812 2746 sunt,
855 2668 1126 2739 acturus
1171 2679 1385 2727 meum
1430 2659 1667 2741 putavi
1712 2660 2139 2741 singulorum,
2183 2677 2352 2738 quae
2396 2658 2608 2740 primo
2649 2660 2888 2725 obtutu
2932 2659 3007 2725 in

636 2765 819 2832 caelo
864 2764 1191 2847 astrigero
1236 2767 1579 2845 apparent,
1637 2780 1871 2843 nempe
1916 2765 2260 2844 astrorum,
2306 2761 2614 2845 siderum,
2668 2761 3013 2828 stellarum

638 2867 1020 2935 cadentium
1048 2871 1250 2948 atque
1281 2865 1687 2947 crinitarum,
1716 2864 1871 2931 viae
1902 2865 2158 2931 lacteae
2188 2864 2453 2930 nomina
2474 2863 2694 2946 prisca
2714 2865 3012 2930 Romana

639 2969 950 3053 colligere
993 2976 1193 3050 atque
1237 2968 1595 3051 illustrare,
1639 2969 1813 3033 unde
1852 2971 2001 3031 orta
2045 2972 2117 3034 et
2148 2968 2461 3046 quomodo
2504 2973 2827 3049 usurpata
2872 2967 3011 3032 sint

638 3073 922 3156 singulis
950 3071 1250 3154 666611116,
1281 3088 1580 3151 quaeque
1611 3088 1757 3135 cum
1787 3068 1925 3135 illis
1957 3069 2343 3135 coniunctae
2372 3069 2624 3135 fuerint
2655 3069 3015 3151 opiniones,

636 3178 780 3242 Hoc
821 3177 962 3242 loco
1008 3174 1489 3256 difficultatem,
1549 3192 1745 3254 quam
1808 3191 2009 3254 supra
2071 3171 2451 3255 attigimuS,
2509 3191 2626 3237 nos
2684 3174 3016 3253 praebent

638 3284 892 3361 poetae.
951 3277 1121 3342 Nam
1163 3275 1322 3342 licet
1350 3276 1545 3342 multi
1575 3294 1798 3342 eorum
1827 3274 2126 3356 plurimis
2164 3275 2324 3340 locis
2356 3293 2467 3340 eas
2498 3273 3010 3357 significationes

639 3384 963 3462 usurpent
984 3389 989 3392 “
1007 3397 1169 3460 quas
1199 3379 1262 3445 ei
1305 3379 1416 3459 qui
1462 3397 1758 3445 sermone
1803 3377 2099 3458 pedestri
2143 3382 2423 3444 utuntur
2466 3396 2623 3445 vere
2663 3379 3010 3457 Romanas,

641 3487 869 3550 tamen
924 3487 1162 3549 extant
1217 3481 1394 3546 inter
1437 3499 1546 3547 eos
1592 3480 1989 3546 Graecorum
2046 3480 2431 3561 imitatores,
2492 3478 2799 3546 Ovidium
2844 3478 3010 3559 dico,

639 3584 1012 3669 Vergilium
1057 3584 1345 3651 Statium
1390 3583 1766 3650 Martialem
1828 3582 1991 3649 alios
2051 3582 2166 3663 qui
2225 3580 2501 3648 carmini
2553 3580 2765 3647 latino
2823 3599 3011 3662 pere-

639 3688 869 3772 grinas
915 3705 1108 3755 voces
1149 3687 1443 3753 inserere
1487 3705 1612 3752 non
1647 3684 2123 3769 dubitaverint,
2169 3704 2295 3766 quo
2326 3684 2685 3767 speciosius
2715 3681 3011 3749 carmina

641 3795 1060 3857 exornarent.
1151 3790 1291 3874 Quo
1337 3789 1430 3873 fit,
1490 3793 1568 3855 ut
1612 3789 1872 3856 Graeca
1914 3807 2182 3870 prorsus
2240 3789 2598 3872 neglegere
2661 3785 2825 3852 mihi
2880 3804 3013 3852 non

638 3892 925 3976 licuerit,
971 3892 1214 3975 quippe
1261 3911 1431 3974 quae
1478 3910 1514 3958 e
1559 3897 1902 3974 poetarum
1962 3890 2361 3958 carminibus
2405 3890 2553 3971 plus
2612 3890 2812 3956 semel
2874 3888 3014 3955 late

641 3996 711 4062 111
735 4014 1098 4063 sermonem
1122 3994 1434 4061 Latinum
1464 4014 1536 4061 se
1566 3994 2105 4078 propagaverint.
2155 3995 2403 4060 Tamen
2427 3998 2505 4059 ut
2527 3992 3017 4060 vetustissimas

643 4117 887 4181 easque
930 4100 1280 4181 populares
1346 4097 1864 4181 significationes
1924 4115 2243 4179 eruamuS,
2304 4098 2390 4161 ad
2436 4115 2545 4163 eos
2605 4096 2850 4163 certius
2910 4114 3017 4161 re-

643 4189 996 4289 curremus,
1041 4201 1154 4282 qui
1183 4201 1482 4281 oratione
1525 4200 1744 4267 soluta
1786 4201 1895 4266 usi
1925 4199 2252 4269 Graecum
2283 4203 2585 4265 ornatum
2615 4200 3015 4280 respuerunt

642 4309 713 4371 et
770 4303 1065 4388 genuina
1122 4303 1310 4369 nobis
1375 4307 1835 4371 servaverunt.
1937 4303 2161 4384 Atque
2220 4302 2293 4368 hi
2350 4302 2478 4385 ipsi
2550 4302 2737 4370 velut
2797 4299 3016 4364 Varro.

636 4397 869 4474 Cicero
926 4406 1199 4475 Senecaw
1224 4405 1483 4473 Plinius
1525 4424 2009 4487 nonnumquam
2055 4405 2325 4472 dicendi.
2379 4403 2639 4471 ratione
2696 4400 3019 4489 indicant,
