3576 5085
692 391 818 457 104
1597 388 1903 444 Guilelmus
1939 388 2157 444 Gundel
2944 388 3053 478 [12

688 560 1091 627 Graecorum
1149 558 1525 627 observatio
1584 556 1932 625 luciferum
2008 564 2075 625 et
2148 577 2493 641 vesperum
2569 562 2844 626 eundem
2897 579 3060 643 esse,

687 681 931 745 vesper
962 662 1166 730 etiam
1208 681 1324 743 pro
1369 661 1569 728 stella
1611 680 1888 727 aurorae
1926 661 2206 743 praevia
2234 662 2621 743 ponebatur.
2708 662 3061 729 Horatium

686 783 969 847 provoco
1012 768 1277 847 testem,
1320 783 1373 830 c.
1407 764 1479 830 Π
1523 764 1582 846 9,
1614 764 1728 830 10:
1772 783 1885 828 nee
1929 763 2042 828 tibi
2093 763 2348 845 Vespero
2386 763 2397 849 Ι
2433 769 2727 846 sumente
2761 764 3062 829 decedunt

688 867 952 953 amores!
969 887 1078 931 nee
1106 865 1404 950 rapidum
1429 867 1712 948 fuyiente
1740 866 1945 933 solem.
2033 866 2175 949 Quo
2205 866 2431 950 fiebat,
2475 870 2551 933 ut
2581 867 2783 933 etiam
2818 867 3064 949 plurali

687 968 900 1035 forma
959 973 1296 1051 uteretur,
1356 969 1417 1034 si
1475 969 1622 1049 quis
1680 988 1816 1036 una
1880 972 2141 1035 tantum
2199 988 2360 1036 voce
2421 973 2766 1050 utramque
2825 968 3060 1036 sideris

688 1070 1175 1155 apparitionem
1232 1070 1609 1154 significare
1682 1072 1972 1139 volebat.
2072 1071 2290 1138 Huius
2357 1091 2514 1138 usus
2574 1091 2775 1138 unum
2835 1071 3062 1140 inveni

689 1173 1137 1241 testimonium
1189 1175 1365 1255 apud
1409 1173 1903 1240 Priscillianum
1965 1174 2052 1260 (V
2097 1176 2182 1240 86
2228 1175 2415 1256 Corp.
2460 1175 2685 1257 script.
2746 1175 2902 1241 eccl.
2944 1174 3062 1241 lat.

690 1272 1097 1345 v01.'XV111
1155 1296 1217 1358 p.
1277 1276 1418 1360 65):
1486 1296 1646 1356 quae
1703 1281 1886 1340 erant
1939 1275 2324 1341 intenebrata
2374 1281 2721 1359 patuerunt
2776 1282 2835 1341 et
2891 1281 3063 1341 nocte

689 1379 954 1460 vespem‘s
972 1378 1022 1460 1)
1065 1378 1144 1442 ab
1171 1377 1497 1461 splendore
1539 1379 1699 1442 lucis
1729 1378 1930 1442 divisa
1963 1427 1978 1442 .
2011 1429 2025 1444 .
2060 1427 2073 1441 .
2121 1383 2290 1442 terra
2332 1379 2606 1444 solidata
2646 1384 2749 1446 est.
2837 1380 3062 1460 Atque

688 1482 857 1547 haec
902 1482 983 1547 de
1025 1500 1269 1562 vespero
1319 1481 1658 1547 hactenus
1746 1482 1997 1547 Contra
2061 1479 2311 1562 hespero
2370 1481 2471 1547 uti
2529 1484 2743 1563 poetis
2801 1487 3062 1548 tantum

690 1583 955 1667 licebat,
1001 1602 1162 1664 quos
1194 1601 1230 1649 e
1261 1584 1517 1650 Graeco
1546 1583 1846 1649 hausisse
1887 1583 1956 1649 in
1989 1584 2334 1665 propatulo
2367 1588 2488 1649 est.
2546 1584 2784 1665 Itaque
2816 1582 3065 1665 ambigi

689 1689 941 1768 potest,
1000 1690 1220 1751 utrum
1284 1686 1573 1753 Graecos
1633 1704 1721 1751 an
1764 1686 2091 1752 Romanos
2152 1689 2383 1766 poetas
2445 1686 2659 1753 secuti
2718 1687 2884 1769 sint,
2948 1686 3063 1767 qui

690 1787 992 1872 cognatis
1021 1787 1309 1869 Hesperi
1353 1807 1588 1855 nomen
1633 1788 2041 1855 indiderunt.
2129 1788 2330 1854 Cuius
2367 1789 2470 1855 rei
2506 1789 2808 1870 exempla
2850 1789 3070 1856 habeo·

689 1893 886 1957 haec:
934 1891 1077 1957 CIL
1110 1891 1182 1957 II
1210 1891 1401 1974 3770,
1444 1890 1553 1957 ΙΠ
1589 1891 1717 1958 355
1763 1890 1830 1957 C.
1864 1891 1961 1974 D.,
1991 1892 2181 1973 8442,
2227 1892 2437 1957 11121
2472 1890 2741 1977 (Εὗρεν),
2785 1892 2846 1959 V
2880 1892 3065 1974 1389,

688 1994 794 2059 IX
826 1996 949 2059 127
981 1993 1294 2078 (Hesper),
1338 1994 1406 2058 X
1435 1994 1624 2061 3720.
1712 1993 1911 2060 Certe
1940 1995 2304 2060 Romanam
2333 1993 2565 2075 poesin
2609 1993 2859 2061 imitati
2892 2000 3064 2077 sunt,

690 2097 805 2177 qui
859 2115 1022 2164 aevo
1083 2096 1255 2177 quod
1306 2095 1727 2178 Carolingum
1785 2099 2066 2163 vocatur
2122 2097 2446 2178 hesperum
2490 2097 3064 2179 praedicaverunt.

688 2199 854 2265 Eius
899 2198 1120 2264 laudis
1156 2201 1365 2264 testes
1395 2197 1599 2264 affero
1627 2198 1839 2265 Gesta
1869 2198 2203 2281 Apollonii
2230 2199 2428 2284 (Mon.
2462 2200 2677 2267 Germ.
2708 2198 2864 2265 hist.
2891 2204 3063 2281 poet.

687 2302 804 2367 lat.
867 2319 1010 2367 aev.
1081 2301 1222 2367 Car.
1282 2300 1354 2365 Π
1418 2320 1478 2381 p.
1537 2300 1665 2367 503
1723 2321 1786 2368 v.
1848 2301 2034 2386 693),
2108 2301 2406 2367 Ermoldi
2472 2301 2722 2384 Nigelli
2803 2320 3065 2367 carmen

690 2403 785 2487 (in
850 2404 997 2469 hon.
1055 2403 1255 2469 Hlud.
1307 2402 1343 2467 I
1401 2421 1460 2470 v.
1505 2403 1665 2485 281,
1727 2403 1902 2470 Mon.
1961 2404 2033 2469 II
2077 2422 2136 2485 p.
2185 2404 2325 2488 13),
2384 2402 2795 2472 Walahfridi
2838 2403 3066 2471 Strabi

693 2505 978 2573 Carmin.
1041 2505 1205 2591 (Vis
1250 2504 1460 2573 Wett.
1515 2524 1577 2574 v.
1625 2506 1783 2590 199,
1851 2506 2025 2573 Mon.
2069 2506 2141 2573 Π
2187 2525 2250 2588 p.
2293 2506 2465 2594 310).
2546 2507 2763 2575 Simili
2807 2507 3074 2575 ratione

692 2610 777 2674 ad
822 2608 1105 2674 aliarum
1150 2609 1450 2691 gentium
1495 2607 1821 2688 sequioris
1881 2608 2033 2675 aevi
2083 2613 2312 2690 poetas
2371 2610 2649 2676 transiit
2704 2610 3065 2692 HesperuS,

691 2731 727 2777 e
781 2729 1053 2792 quorum
1109 2710 1513 2777 carminibus
1575 2710 1880 2792 exempla
1936 2712 2178 2777 afferre
2223 2712 2520 2778 consulto
2578 2711 2875 2796 neglego,
2932 2711 3065 2778 nisi

692 2815 864 2895 quod
908 2832 1206 2880 moneam
1247 2812 1445 2879 hodie
1490 2833 1747 2895 quoque
1790 2814 1863 2880 in
1902 2812 2441 2895 Hispaniensium
2484 2833 2783 2881 sermone
2828 2813 3065 2881 altiore

692 2916 909 2984 audiri
949 2916 1213 3000 hespero,
1257 2918 1434 2998 apud
1476 2916 1687 2982 Italos
1730 2936 1955 2998 esperO.

864 3020 994 3086 Sed
1040 3019 1346 3100 quoniam
1393 3020 1481 3084 ad
1516 3023 1748 3100 poetas
1788 3018 2063 3085 deflexit
2106 3019 2338 3101 oratiO,
2382 3020 2698 3087 nonnulla
2743 3020 3065 3088 vocabula

694 3125 936 3189 addere
995 3122 1227 3204 liceat,
1285 3121 1523 3202 quibus
1579 3140 1930 3204 vesperum
1994 3121 2110 3203 qui
2176 3122 2396 3188 soluta
2454 3124 2727 3189 natione
2770 3124 3066 3189 Romana

692 3224 1104 3306 scripserunt
1182 3228 1690 3292 exornaverunt.
1803 3224 1975 3290 Sunt
2052 3229 2275 3291 autem
2350 3226 2507 3291 duo:
2590 3224 2921 3292 antifer
2996 3228 3066 3290 et

692 3347 736 3393 n
753 3346 790 3393 o
808 3327 931 3392 cti
947 3325 983 3391 f
992 3345 1030 3393 e
1044 3346 1097 3392 r.

863 3430 1126 3510 Antis
1133 3449 1244 3511 er,
1289 3429 1438 3494 -eriz
1484 3428 1796 3511 Fulgent.
1837 3430 2115 3513 Mythol.
2179 3430 2249 3496 II
2292 3432 2402 3513 133
2463 3431 2654 3511 corp.
2704 3429 2899 3511 gloss.
2950 3428 3067 3494 lat.

693 3533 801 3599 III
844 3533 990 3617 425,
1052 3534 1166 3614 153
1226 3531 1371 3598 CIL
1431 3532 1492 3598 V
1523 3533 1714 3609 6244,
1777 3531 1893 3599 ubi
1936 3533 2163 3615 lucifer
2206 3537 2277 3600 et
2319 3533 2562 3613 antifer
2604 3550 2805 3613 supra
2849 3530 3065 3596 stellis

692 3636 976 3718 depictis
1052 3632 1289 3717 scripti
1361 3637 1520 3700 sunt
1578 3634 1649 3700 in
1707 3634 2035 3702 lateribus
2097 3654 2293 3702 arcae
2352 3634 2784 3717 sepulcralis..
2878 3633 3065 3699 Haec

694 3738 930 3806 vocula
986 3737 1151 3805 licet
1217 3735 1408 3804 nobis
1466 3736 1646 3803 nullo
1706 3737 1997 3804 carmine
2055 3739 2367 3803 tradatur
2381 3787 2397 3820 ,
2456 3742 2679 3802 tamen
2735 3735 3067 3817 poeticum

695 3841 973 3908 colorem
1016 3842 1318 3923 praebet,
1362 3840 1478 3921 qui
1523 3857 1605 3905 ex
1643 3829 2045 3923 metonymia
2086 3838 2484 3923 agnoscitur.
2572 3838 2801 3920 Neque
2846 3842 3069 3905 tamen

697 3942 915 4024 qualis
961 3961 1042 4009 ea
1084 3942 1193 4027 sit,
1237 3941 1439 4010 facile
1500 3941 1762 4008 dicitur.
1865 3941 2226 4009 Dubitavit
2281 3940 2473 4025 enim,
2532 3946 2754 4007 utrum
2815 3940 3067 4024 priores

695 4045 840 4113 eius
906 4044 1089 4113 vocis
1155 4045 1452 4127 syllabae
1517 4064 1803 4128 graecae
1868 4044 2006 4111 sint
2071 4042 2289 4130 (ἀντι·)
2357 4063 2443 4110 an
2507 4044 2766 4113 latinae
2831 4044 3067 4130 (ante-),

871 4284 911 4353 ¹)
947 4283 1031 4339 De
1065 4282 1325 4353 genetivo
1358 4299 1489 4338 casu
1523 4282 1726 4338 tertiae
1761 4281 2141 4339 declinationis
2164 4283 2409 4354 cogitare
2432 4300 2541 4340 non
2563 4284 2707 4353 licet,
2745 4282 2833 4337 cui
2868 4282 3068 4337 desunt

696 4371 958 4441 exempla,
995 4373 1285 4439 postquam
1321 4384 1489 4437 supra
1522 4385 1575 4438 p.
1611 4368 1646 4421 9
1680 4368 1944 4424 Varronis
1980 4367 2080 4424 hoc
2113 4385 2298 4439 vesper
2331 4369 2673 4425 sustulimus
