3576 5085
609 415 695 482 96
1517 410 1823 468 Guilelmus
1859 411 2074 467 Gundel
2911 413 2979 503 [4

607 588 840 668 postea
898 583 1429 651 confundebatur
1503 602 1650 651 cum
1706 583 2013 667 vergiliis
2070 584 2478 668 suculisque,
2538 586 2710 651 unde
2769 586 2978 652 Tauri

607 686 1161 770 significationem
1191 685 1499 768 primitus
1521 686 1806 753 alienam
1835 705 2051 768 neque
2078 705 2385 769 umquam
2413 688 2611 769 plane
2638 692 2978 771 acceptam

608 808 755 856 esse
827 794 1131 872 apparet.
1234 789 1439 855 Immo
1497 788 1657 870 quin
1696 789 1963 856 nomina
2021 789 2276 855 zodiaci
2333 794 2523 858 sexto
2585 807 2645 855 a.
2703 789 2855 856 Chr.
2915 808 2981 863 n.

608 892 873 959 saeculo
918 911 960 959 a
1004 891 1352 958 Chaldaeis
1397 891 1467 958 in
1510 891 1863 959 Graeciam
1923 892 2262 959 translata
2306 891 2619 958 Romanis
2663 897 2896 975 postea
2936 911 2979 959 a

607 993 884 1063 Graecis
926 993 1184 1061 tradita
1228 993 1381 1077 sint,
1435 1012 1563 1060 non
1609 998 1712 1060 est
1755 994 2044 1061 dubium.
2150 995 2369 1076 Quare
2428 995 2511 1060 de
2563 993 2667 1060 his
2726 994 2979 1062 zodiaci

606 1097 815 1182 signis
844 1102 1184 1179 tamquam
1219 1096 1590 1180 peregrinis
1621 1096 1812 1163 omisi
1842 1097 2205 1179 disserere3
2238 1098 2410 1179 quod
2446 1096 2506 1163 si
2537 1096 2686 1178 quis
2717 1097 2981 1179 quaerit

606 1202 812 1267 adeat
853 1201 937 1267 H.
981 1200 1303 1267 Ideler:
1353 1199 1904 1282 Unterwchunyen
1961 1199 2113 1264 aber
2155 1199 2275 1264 den
2325 1199 2656 1282 Ursprwny
2699 1200 2838 1264 und
2878 1199 2981 1265 die

604 1302 979 1385 Bedeutuny
1035 1302 1148 1367 der
1186 1302 1616 1386 Sternnamen,
1673 1302 1970 1369 Berolini
2017 1302 2185 1369 1804
2227 1321 2377 1385 pag.
2426 1303 2550 1368 132
2611 1307 2978 1384 sequentes,

605 1407 685 1472 A.
729 1405 1569 1486 Bouche-Leclercq:
1614 1405 2016 1487 L’astroloyie
2053 1425 2332 1488 qrecque,
2376 1404 2570 1471 Paris
2618 1406 2786 1472 1899
2829 1424 2981 1489 pag.

606 1507 692 1574 53
708 1526 846 1588 sqq.

778 1612 1060 1677 Praeter
1103 1608 1438 1677 zodiacum
1484 1613 1552 1676 et
1596 1610 1800 1692 plan
1818 1614 1955 1676 eta
1974 1629 2010 1675 e
2053 1614 2336 1692 excepta
2380 1609 2745 1676 Veneris
2781 1610 2981 1677 stella

605 1712 846 1795 priscis
878 1713 1195 1780 Romanis
1239 1712 1505 1796 ignotae
1558 1717 1768 1778 erant.
1858 1713 2047 1779 Unus
2091 1712 2206 1793 qui
2249 1717 2484 1779 contra
2529 1712 2749 1779 dicere
2792 1713 2979 1780 vide·

607 1820 763 1883 atur
821 1815 1159 1900 Vergilius
1217 1819 1348 1899 est,
1417 1815 1533 1898 qui
1593 1815 1832 1898 Georg.
1889 1815 1926 1881 I
1987 1815 2115 1882 335
2173 1813 2456 1881 rusticos
2532 1818 2800 1882 moneat
2814 1864 2831 1898 ,
2901 1820 2981 1881 ut

606 1919 916 2001 planetas
960 1919 1334 1991 observent.
1422 1919 1555 1985 Sed
1597 1936 1746 1984 eum
1775 1917 2066 1984 Graecos
2096 1923 2393 1984 secutum
2440 1935 2587 1984 esse
2632 1923 2701 1984 et
2730 1917 2982 1984 Graeco

605 2019 943 2106 πλανητῶν
985 2020 1247 2088 nomine
1279 2028 1349 2088 et
1395 2040 1471 2087 eo
1502 2022 2006 2104 demonstratur,
2052 2022 2222 2102 quod
2254 2039 2385 2087 non
2421 2025 2497 2087 ut
2542 2021 2781 2087 stellae
2824 2039 2981 2089 vere

608 2124 946 2190 Romanae
993 2125 1080 2189 ad
1124 2142 1323 2189 unam
1367 2142 1588 2189 omnes
1634 2142 1670 2188 e
1713 2124 1914 2189 rebus
1973 2123 2408 2188 terrestribus
2454 2127 2608 2189 sunt
2653 2123 2981 2206 cognomi-

607 2231 812 2292 natae
854 2228 970 2292 sed
1015 2244 1052 2290 e
1096 2227 1362 2291 deorum
1405 2223 1796 2290 nominibus.
1884 2223 2088 2290 Immo
2149 2241 2453 2288 erronum
2499 2242 2755 2304 quoque
2798 2224 2979 2291 notio

608 2328 823 2395 serius
866 2328 1132 2394 tandem
1161 2346 1204 2393 a
1234 2327 1507 2394 Graecis
1538 2328 1625 2391 ad
1654 2325 1981 2392 Romanos
2021 2324 2343 2408 pervenit,
2389 2325 2502 2406 qui
2531 2325 2667 2391 illis
2696 2327 2980 2393 secundo

609 2430 752 2496 fere
795 2449 852 2496 a.
897 2429 1046 2496 Chr.
1088 2448 1151 2495 n.
1215 2428 1476 2496 saeculo
1522 2447 1679 2494 suas
1737 2426 2124 2493 indiderunt
2167 2427 2664 2509 appellationes.
2751 2429 2981 2511 Neque

612 2532 900 2600 Graecos
943 2531 1186 2615 primos
1229 2534 1540 2614 planetas
1570 2531 1979 2612 observasse,
2024 2530 2217 2595 immo
2261 2529 2394 2597 iam
2424 2530 2652 2598 multis
2697 2532 2981 2599 saeculis

609 2639 812 2701 antea
851 2634 1211 2701 Chaldaeos
1241 2634 1407 2701 satis
1435 2639 1662 2701 notum
1693 2637 1814 2699 est.
1901 2634 2004 2699 De
2032 2633 2139 2699 his
2169 2633 2512 2700 stellarum
2545 2634 2980 2701 erraticarum

611 2736 775 2805 fatis
798 2737 1020 2820 relego
1037 2741 1106 2803 te
1127 2739 1216 2803 ad
1238 2737 1418 2806 viros
1443 2739 1667 2803 doctos
1690 2736 1746 2801 F
1762 2756 1817 2802 r.
1837 2737 1905 2801 Η
1921 2754 1958 2802 o
1972 2755 2036 2801 m
2051 2755 2115 2801 m
2133 2736 2210 2802 el
2233 2736 2303 2801 in
2327 2736 2470 2818 eph.
2494 2736 2795 2800 Ausland
2812 2737 2979 2803 1891

610 2858 762 2922 pag.
790 2840 936 2922 223,
967 2840 1129 2921 382;
1160 2842 1216 2906 T
1233 2845 1321 2905 ro
1340 2840 1466 2906 els
1483 2840 1700 2906 -Lun
1721 2841 1764 2904 d
1785 2838 2225 2904 Himmelsbild
2249 2838 2386 2903 und
2415 2838 2985 2923 Weltanschammy

609 2942 892 3026 Leipzig
923 2943 1092 3009 1900
1127 2962 1279 3026 pag.
1301 2943 1404 3026 23,
1439 2944 1542 3026 29,
1572 2943 1848 3023 32sqq.;
1892 2942 1971 3006 A.
2005 2941 2824 3024 Bouche-Leclercq
2864 2943 2907 3009 1.
2932 2962 2985 3009 c.

610 3064 761 3129 pag.
783 3047 867 3112 63
884 3065 1055 3128 sqq.;
1100 3045 1180 3111 E.
1209 3047 1437 3111 Maas
1457 3064 1489 3111 s
1550 3045 1949 3126 Taqesqotter
1991 3042 2255 3126 passim.
2344 3043 2532 3127 Quae
2575 3063 2722 3111 cum
2765 3045 2868 3111 ita
2912 3064 2986 3112 se

610 3148 924 3231 habeant,
956 3147 1240 3230 cogitari
1261 3147 1494 3229 nequit
1522 3147 1850 3214 Romanos
1878 3146 2033 3212 olim
2062 3139 2409 3212 stellarum
2441 3147 2809 3215 errantium
2837 3167 2985 3231 pro-

611 3250 796 3333 prias
818 3250 1131 3317 habuisse
1160 3250 1458 3316 notiones
1489 3269 1531 3315 a
1554 3248 1904 3316 Chaldaeis
1927 3249 2330 3330 Graecisque
2358 3267 2718 3331 repressas,
2764 3250 2985 3333 Quare

614 3371 882 3419 errones
927 3370 1183 3433 quoque
1222 3357 1493 3434 praeter
1536 3353 1860 3419 Venerem
1906 3350 2171 3418 silentio
2216 3351 2654 3433 praetermisi.

787 3454 917 3521 Sed
963 3453 1215 3521 omissis
1259 3454 1528 3520 zodiaco
1582 3458 1652 3519 et
1710 3453 2000 3535 planetis
2046 3454 2375 3536 restabat,
2434 3458 2512 3520 ut
2573 3455 2654 3519 de
2711 3454 2985 3535 reliquis

614 3556 972 3623 luminibus
1034 3575 1076 3622 a
1132 3556 1446 3624 Romanis
1504 3556 1577 3622 in
1634 3558 1815 3623 caelo
1877 3556 2249 3623 observatis
2308 3574 2591 3640 agerem.
2694 3556 2985 3640 Quorum

614 3659 870 3726 solem
917 3664 987 3725 et
1030 3660 1313 3725 lunam
1386 3658 1679 3725 consulto
1731 3677 1864 3725 non
1913 3658 2152 3742 recepi,
2208 3677 2293 3725 ne
2348 3657 2617 3724 infinita
2659 3662 2986 3727 cresceret

614 3760 944 3828 materies,
1032 3762 1164 3829 Sed
1209 3763 1292 3828 de
1350 3760 1640 3828 stellis
1698 3760 2259 3843 cadentibuS,
2318 3761 2414 3827 de
2456 3759 2819 3827 crinitis
2862 3778 2986 3827 nec

615 3883 747 3932 non
793 3867 889 3931 de
928 3863 1073 3932 via
1116 3865 1348 3930 lacte
1367 3883 1409 3930 a
1452 3864 1770 3931 nonnulla
1801 3862 2119 3948 congessi,
2166 3881 2297 3945 qua
2341 3862 2680 3929 occasione
2709 3864 2875 3931 data
2904 3866 2988 3931 de

616 3966 919 4034 stellis
980 3985 1236 4049 quoque
1309 3966 1395 4033 in
1453 3967 1943 4034 universum
2012 3965 2468 4032 disserendum
2521 3970 2687 4032 erat.
2796 3968 2989 4034 Hanc

616 4069 959 4136 materiem
1023 4069 1299 4136 tertio
1359 4068 1633 4151 capiti
1690 4066 1986 4152 seposui,
2054 4067 2162 4133 cui
2221 4068 2494 4134 brevem
2552 4067 2783 4136 addidi
2838 4088 2987 4138 con-

616 4172 988 4254 clusionem,
1035 4191 1168 4254 qua
1210 4172 1671 4239 absolveretur
1713 4170 2002 4237 materia
2044 4175 2114 4236 et
2143 4188 2395 4236 summa
2436 4171 2646 4238 totius
2690 4171 2988 4254 opusculi

617 4294 747 4342 uno
790 4280 1144 4357 conspectu
1188 4273 1631 4357 colligeretur.
2765 4327 2768 4328 γ

790 4378 873 4445 111
932 4375 1213 4462 singulis
1268 4375 1645 4443 tractandis
1703 4374 1969 4442 uberior
2020 4374 2304 4446 fortasse
2362 4374 2739 4459 legentibus
2798 4375 2986 4446 visus
