3576 5085
528 509 631 589 19]
968 507 1050 561 De
1087 505 1374 559 stellarum
1410 505 1772 573 appellatione
1809 510 1868 560 et
1902 504 2167 574 religione
2202 505 2445 560 Romana
2766 507 2885 574 111

532 677 829 745 omnibus
875 676 1284 758 sequioribus
1329 677 1610 743 saeculis
1655 676 1949 759 viguisse
2017 696 2137 759 per
2179 695 2251 742 se
2294 681 2515 759 patet;
2576 679 2900 744 accedunt

525 779 823 862 lapidum
869 779 1266 862 testimonia,
1324 778 1394 844 in
1441 779 1679 860 quibus
1725 784 1795 844 et
1849 798 2057 846 naves
2119 779 2286 861 (CIL
2348 781 2417 846 X
2459 781 2649 863 3384,
2709 781 2897 862 3394,

530 884 723 966 3395,
767 883 957 965 3579)
982 882 1032 967 1)
1094 886 1164 948 et
1208 880 1500 947 homines
1559 888 1695 947 tam
1755 881 1933 948 servi
1988 881 2159 965 (CIL
2205 882 2276 948 H
2319 884 2512 967 4968,
2557 882 2624 967 4)
2701 902 2896 964 quam

523 985 731 1052 liberi
790 986 962 1069 (CIL
1000 985 1108 1051 III
1139 985 1311 1051 3193
1343 984 1410 1049 C.
1454 984 1784 1051 VARIVS
1829 984 2238 1067 LVCIFER,
2270 984 2413 1050 CIL
2445 986 2551 1051 HI
2580 985 2780 1069 5264)
2827 990 2897 1052 et

525 1087 756 1155 liberti
778 1088 951 1172 (CIL
975 1088 1082 1153 III
1106 1088 1252 1168 342,
1275 1088 1371 1153 IV
1389 1088 1585 1172 2156)
1609 1087 1709 1153 ita
1724 1087 2159 1168 appellantur.
2204 1088 2356 1154 Una
2381 1087 2641 1154 accedit
2661 1088 2897 1154 mulier

532 1191 928 1258 LOTTEIA
943 1189 1399 1257 LVCIFERA
1416 1190 1586 1274 (CIL
1604 1190 1661 1255 V
1680 1191 1894 1276 8836).
1925 1190 1985 1256 Ε
2000 1191 2381 1256 litterarum
2401 1190 2684 1257 historia
2698 1195 2895 1257 notus

529 1298 637 1360 est
661 1292 935 1360 Lucifer
966 1293 1412 1376 CaralitanUS,
1459 1292 1956 1359 Athanasianae
2003 1292 2340 1359 doctrinae
2368 1293 2630 1360 saeculo
2662 1297 2896 1373 quarto

527 1395 907 1463 indefessus
937 1394 1241 1461 defensor
1265 1395 1554 1476 (Hieron.
1588 1396 1670 1461 de
1700 1394 1867 1463 viris
1898 1395 2137 1462 illustr.
2169 1396 2296 1480 95).
2387 1398 2608 1476 Atque
2630 1394 2895 1478 saepius

538 1498 1055 1565 Christianorum
1086 1502 1320 1579 poetae
1351 1498 1629 1564 laudant
1659 1498 1923 1564 stellam
1956 1497 2316 1581 luciferam,
2361 1516 2423 1565 v.
2454 1517 2506 1564 c.
2534 1498 2895 1565 Hrabanus

536 1601 811 1668 Maurus
834 1621 886 1667 c.
909 1600 1143 1666 XXIV
1165 1602 1262 1683 12,
1292 1601 1466 1667 Mon.
1496 1600 1712 1668 Germ.
1737 1601 1893 1667 hist..
1915 1604 2088 1682 poet.
2109 1601 2560 1667 lat.med.aev.
2587 1600 2657 1666 II
2672 1621 2733 1682 p.
2755 1600 2895 1667 188.

701 1704 861 1770 Cum
905 1705 1068 1769 adeo
1114 1703 1421 1769 diffusum
1467 1702 1672 1769 fuerit
1716 1703 1971 1785 luciferi
2012 1722 2262 1785 nomen,
2305 1703 2541 1768 mirum
2584 1721 2715 1769 non
2773 1708 2897 1786 est,

531 1808 702 1887 quod
747 1807 923 1888 apud
954 1805 1160 1872 Italos
1204 1806 1398 1872 hodie
1420 1807 1624 1889 viget,
1669 1824 1944 1887 quorum
1972 1805 2042 1870 in
2085 1824 2212 1871 usu
2243 1810 2347 1872 est
2389 1806 2668 1886 lucifero,
2756 1805 2896 1870 Alii

534 1907 773 1990 populi,
809 1926 1079 1988 quorum
1102 1908 1279 1973 redit
1307 1909 1538 1990 lingua
1563 1909 1652 1973 ad
1679 1907 1976 1990 latinam,
2002 1906 2203 1973 aliter
2240 1907 2582 1989 appellant
2603 1907 2892 1973 stellam:

535 2010 722 2076 velut
766 2009 1191 2091 Francogalli
1229 2008 1371 2073 ‹5th
1410 2010 1500 2073 du
1542 2011 1759 2087 maim,
1805 2010 2091 2092 Hispani
2135 2011 2340 2074 lacero
2382 2009 2457 2073 de
2498 2009 2655 2075 alba.
2666 2009 2715 2094 2)

704 2113 930 2178 Pauca
958 2116 1219 2178 tantum
1253 2114 1499 2179 addere
1524 2113 1718 2180 iuvat
1747 2115 1831 2179 de
1861 2113 2258 2180 Graecorum
2290 2112 2685 2195 notionibus,
2730 2131 2894 2194 quas

523 2215 823 2297 integras
852 2218 1248 2297 receperunt
1276 2215 1553 2282 Romani
1582 2234 1801 2279 eoum
1834 2215 1979 2282 dico
2001 2219 2073 2282 et
2097 2215 2199 2297 ph
2221 2235 2301 2280 os
2308 2215 2664 2298 phorum.
2708 2215 2892 2298 Quae

524 2316 828 2399 inprimis
859 2337 901 2383 a
930 2317 1143 2399 poetis
1187 2318 1546 2402 adhibitae,
1593 2324 1667 2384 ut
1702 2337 1913 2384 sermo
1944 2318 2173 2386 varius
2221 2318 2561 2400 existeret,
2604 2318 2713 2383 hic
2756 2317 2894 2384 illic

523 2438 643 2501 pro
666 2419 925 2485 nomine
950 2420 1123 2502 (CIL
1150 2421 1248 2486 IV
1270 2421 1465 2505 2241)
1489 2424 1606 2486 aut
1631 2420 2013 2504 cognomine
2032 2420 2202 2506 (CIL
2226 2421 2287 2487 V
2311 2422 2481 2488 8698
2512 2420 2588 2504 Q.
2610 2420 2894 2488 GRANI

526 2522 1054 2610 PHOSPHORI)
1112 2529 1473 2606 usurpatae
1522 2528 1697 2591 sunt.
1786 2524 2168 2606 Eodemque
2214 2525 2416 2608 mod0,
2475 2542 2602 2605 quo
2647 2524 2889 2606 lucifer,

530 2627 695 2692 haec
712 2626 977 2692 nomina
998 2646 1117 2708 pro
1141 2645 1416 2709 vespero
1439 2627 1504 2693 in
1532 2646 1655 2693 usu
1677 2631 1850 2694 sunt.
1894 2627 2285 2709 Exemplum
2302 2628 2564 2709 profero
2584 2626 2892 2693 carminis

529 2728 873 2794 cuiusdam
903 2728 1294 2794 recentioris
1325 2730 1497 2813 (app.
1531 2748 1723 2795 carm.
1747 2730 1990 2795 Auson.
2013 2730 2085 2795 II
2107 2731 2208 2804 45,
2239 2732 2339 2796 ed.
2365 2729 2603 2811 Peiper
2624 2748 2685 2811 p.
2707 2729 2890 2814 411):

836 2866 1034 2927 quam
1077 2850 1265 2914 modo
1309 2854 1687 2914 nascentem
1734 2848 1973 2914 rutilus
2018 2848 2362 2930 conspexit
2404 2850 2583 2915 Eous

1021 2950 1192 3016 hanc
1235 2951 1500 3016 rediens
1544 2969 1688 3017 sero
1732 2969 2009 3033 vespere
2053 2951 2228 3018 vidit
2267 2971 2481 3018 anum.

697 3068 927 3151 Neque
970 3069 1234 3152 longius
1281 3071 1349 3135 in
1396 3070 1662 3154 linguas
1720 3072 2075 3154 populares
2121 3072 2332 3137 medio
2374 3089 2540 3137 aevo
2597 3071 2724 3138 hae
2781 3091 2893 3138 no-

528 3169 827 3237 tissimae
854 3191 1249 3256 progressae
1293 3178 1449 3239 sunt
1478 3173 1811 3256 notiones;
1855 3193 2023 3240 unus
2052 3178 2314 3240 tantum
2345 3173 2635 3240 auctoris
2679 3174 2891 3241 cuius-

527 3274 677 3338 dam
720 3264 902 3340 locus
947 3275 1259 3342 memoria
1305 3277 1542 3360 dignus
1583 3276 1867 3359 videtur,
1928 3296 2053 3358 quo
2097 3276 2378 3343 fortasse
2424 3275 2677 3343 confusi
2735 3281 2893 3344 sunt

522 3374 765 3442 Bootes
810 3381 880 3442 et
917 3377 1354 3459 Phosphorus.
1442 3378 1769 3461 Loquitur
1814 3379 1987 3445 enim
2024 3379 2365 3446 Ennodius
2408 3380 2619 3463 (Corp.
2664 3379 2892 3462 script.

524 3478 679 3544 eccl.
738 3478 858 3545 lat.
918 3480 1016 3547 VI
1059 3499 1211 3564 pag.
1256 3482 1411 3568 451)
1473 3484 1555 3548 de
1612 3482 1873 3548 homine
1931 3481 2325 3564 Bosphorum
2370 3481 2655 3546 Pleiades
2698 3481 2891 3564 Cyno-

518 3599 742 3645 suram
786 3586 844 3645 et
887 3582 1196 3664 quidquid
1234 3585 1354 3648 iter
1396 3589 1699 3649 monstrat
1738 3584 2149 3667 inspiciente.

1269 3771 1339 3839 C.
1401 3772 1508 3839 De
1552 3772 1770 3840 stella
1815 3772 2151 3840 erratica.

695 3906 874 3972 Satis
923 3907 1085 3973 mihi
1131 3909 1344 3974 mult-a
1384 3910 1588 3977 verba
1617 3911 1698 3976 de
1741 3929 1982 3991 vespero
2021 3915 2093 3976 et
2133 3907 2352 3974 iubare
2380 3908 2614 3976 fecisse
2644 3909 2890 3977 videor.

526 4007 751 4087 Atque
793 4027 914 4089 per
957 4010 1232 4077 multum
1296 4012 1557 4093 quidem
1616 4016 1876 4094 tempus
1933 4033 2079 4079 cum
2124 4012 2365 4080 Graeci
2429 4016 2571 4079 tum
2610 4011 2891 4079 Romani

702 4145 743 4215 ²)
777 4147 864 4202 Ex
912 4147 1038 4202 aliis
1089 4164 1301 4217 quoque
1348 4150 1525 4205 stellis
1559 4165 1730 4204 naves
1766 4150 2069 4219 appellatas
2117 4165 2233 4205 8888
2279 4150 2475 4204 docent
2509 4149 2630 4204 CIL
2666 4149 2718 4202 X
2750 4148 2888 4202 3597

520 4231 950 4302 (Capricornus),
987 4233 1107 4287 CIL
1142 4235 1194 4288 X
1229 4234 1382 4304 3447,
1418 4234 1557 4289 3648
1594 4235 1868 4304 (Taurus).

693 4318 736 4387 ²)
772 4317 961 4373 Etiam
986 4319 1245 4373 Germani
1268 4325 1412 4375 teste
1448 4321 1500 4375 J.
1526 4320 1735 4375 Grimm
1771 4321 1829 4390 (l.
1853 4321 1889 4375 l.
1914 4321 2006 4376 111
2028 4337 2070 4376 8.
2100 4320 2223 4391 603)
2248 4320 2431 4376 conati
2469 4325 2601 4375 sunt
2635 4318 2694 4373 in
2728 4334 2886 4373 usum

522 4418 682 4468 suum
716 4404 1006 4460 luciferum
1042 4410 1373 4474 convertere,
1411 4421 1532 4460 cum
1570 4405 1816 4461 dicerent
1837 4406 2159 4477 Brinyetay,
2196 4407 2291 4461 sed
2329 4403 2644 4475 praevaluit
2676 4418 2887 4472 semper

516 4488 727 4545 locutio
761 4490 1041 4560 popularis
1075 4490 1461 4561 Morqemtern
1495 4492 1586 4546 vel
1627 4491 1937 4562 Tayestern.
2509 4574 2544 4629 8

2544 4577 2574 4610 ,μ
