3576 5085
683 387 809 452 194
1584 382 1889 437 Guilelmus
1925 380 2138 435 Gundel
2897 378 3052 467 [102

678 559 892 624 adhuc
950 555 1181 624 vivida
1242 558 1418 636 erat;
1477 554 1725 621 Lucius
1786 554 1961 620 enim
2004 552 2358 635 Ampelius‚
2417 552 2531 633 qui
2583 556 2742 618 tunc
2800 553 3051 620 vixisse

676 661 963 743 videtur,
1031 657 1185 723 libri
1241 657 1641 724 memorialis
1700 677 1753 723 c.
1806 657 1914 722 ΙΠ
1966 661 2188 722 notat:
2247 655 2520 739 Hyades,
2579 676 2736 739 quae
2794 676 2834 719 a
2879 655 3052 721 nobis

675 764 935 827 suculae
961 775 967 780 ·
991 761 1305 825 dicuutur.
1406 761 1635 841 Neque
1695 761 1954 841 quando
2030 778 2110 824 ea
2167 758 2565 841 significatio
2628 763 2777 825 orta
2836 758 2946 842 sit,
3006 778 3051 824 a

676 865 904 932 limine
951 867 1229 930 constat.
1277 862 1500 929 Cicero
1542 863 1811 944 eiusque
1857 862 2152 928 asseclae
2189 863 2550 943 loquuntur
2594 863 2675 927 de
2714 860 3050 944 significa-

676 968 859 1033 tione
904 986 939 1032 e
984 984 1223 1050 graeco
1270 984 1604 1032 conversa.
1693 966 1883 1047 Quod
1925 964 2212 1030 fortasse
2255 963 2705 1046 accipiendum
2754 970 2945 1048 esset,
2990 964 3050 1031 si

677 1070 973 1136 Romana
1017 1088 1149 1135 vox
1194 1087 1341 1135 cum
1388 1069 1649 1135 Graeca
1694 1067 2085 1133 concineret.
2174 1066 2305 1133 Sed
2348 1067 2461 1131 ubi
2505 1066 2576 1132 id
2621 1086 2750 1133 non
2781 1067 2877 1150 fit,
2920 1087 3051 1134 non

678 1175 761 1238 de
789 1173 1093 1241 versione
1123 1191 1196 1237 re
1225 1191 1385 1239 vera
1414 1171 1597 1236 facta
1626 1170 2067 1253 cogitandum,
2099 1172 2214 1236 sed
2248 1170 2818 1235 autoschediasma
2842 1170 3049 1235 Tulli-

679 1295 874 1341 anum
918 1277 1343 1341 statuendum
1389 1275 1537 1340 erit.
1624 1274 1970 1339 Sumamus
2013 1272 2223 1354 igitur
2271 1274 2527 1336 suculas
2569 1272 2751 1338 sidus
2793 1271 2963 1338 illud
3006 1292 3049 1338 a

676 1377 944 1443 Latinis
1006 1377 1408 1458 appellatum
1453 1394 1597 1441 esse
1639 1394 1854 1457 neque
1898 1375 2253 1456 quidquam
2313 1374 2411 1441 eis
2458 1393 2604 1440 cum
2649 1374 3050 1441 Graecorum

676 1479 1024 1563 Hyadibus
1068 1498 1402 1545 commune
1447 1497 1609 1545 esse.
1697 1478 1947 1560 Quodsi
1991 1497 2219 1544 verum
2268 1483 2387 1561 est,
2447 1496 2839 1557 quaeramus
2898 1478 3049 1553 iam,

679 1582 838 1664 quid
898 1581 1245 1665 significet.
1334 1582 1480 1663 Qua
1537 1582 1619 1646 de
1677 1600 1751 1646 re
1809 1580 2123 1646 dubitare
2180 1599 2311 1646 non
2356 1583 2573 1646 datur.
2661 1580 2903 1646 Sucula
2947 1586 3051 1647 est

676 1686 887 1752 forma
946 1684 1354 1751 deminutiva
1424 1683 1607 1751 vocis
1666 1702 1795 1749 3113.
1908 1684 2194 1766 Legitur
2258 1684 2328 1749 in
2388 1683 2606 1750 titulis
2664 1683 3050 1765 parietariis

675 1787 1097 1869 Pompeianis
1144 1786 1287 1853 CIL
1325 1786 1423 1851 IV
1467 1787 1638 1852 2013
1684 1806 1846 1850 vana
1889 1787 2149 1850 succula
2194 1789 2274 1852 de
2332 1786 2607 1852 muliere
2665 1785 3050 1852 luxuriante

677 1891 956 1972 dictum3
1020 1890 1224 1956 etiam
1281 1890 1564 1955 Plautus
1608 1888 1678 1954 in
1736 1888 2044 1955 Rudente
2090 1890 2259 1954 1170
2314 1889 2575 1955 dixerat
2632 1909 2772 1952 cum
2830 1889 3050 1953 sucula

676 2000 732 2057 et
767 2014 906 2058 cum
934 1995 1224 2073 porculis.
1309 1993 1449 2058 Iam
1483 1992 1543 2057 si
1571 1991 1751 2057 sidus
1782 1991 2025 2071 inipso
2057 1991 2239 2058 caelo
2272 1993 2807 2076 contemplamur,
2850 2010 3049 2057 unam

678 2095 1090 2177 splendidam
1137 2095 1400 2160 stellam
1444 2094 1758 2175 videmuS,
1805 2094 1985 2160 circa
2028 2114 2222 2174 quam
2266 2093 2549 2161 minores
2595 2100 2740 2160 arte
2783 2112 3048 2175 pressae

680 2197 1169 2279 circumiacent,
1213 2201 1547 2276 tamquam
1591 2196 1862 2277 porcelli
1908 2197 2088 2262 circa
2139 2197 2508 2282 suculam.¹)
2596 2197 2740 2263 Non
2786 2196 3030 2276 dubito,

681 2300 842 2380 quin
857 2299 964 2364 hic
981 2299 1150 2365 situs
1179 2298 1381 2364 sideri
1402 2317 1635 2363 nomen
1660 2298 1939 2381 dederit,
1955 2298 2239 2366 inditum
2257 2300 2342 2365 ab
2360 2299 2678 2365 Italorum
2702 2298 2987 2365 rusticis,
2998 2299 3045 2382 ²)

846 2403 1073 2482 Neque
1132 2420 1337 2467 causa
1396 2406 1496 2467 est
1555 2420 1673 2467 cur
1737 2407 2039 2483 negetur,
2106 2421 2280 2468 mero
2342 2403 2525 2468 casui
2584 2401 2813 2467 deberi
2873 2403 3047 2483 quod
3095 2486 3102 2492 ⁸

678 2508 836 2572 ante
881 2505 1254 2571 Ciceronem
1312 2522 1500 2569 nemo
1558 2504 1753 2571 huius
1814 2503 2053 2570 sideris
2113 2505 2508 2571 mentionem
2566 2504 2749 2572 facit.
2857 2504 3047 2589 Quod

675 2608 957 2674 fortasse
1002 2627 1145 2674 eam
1188 2608 1268 2672 ob
1313 2626 1451 2672 rem
1493 2607 1716 2691 fiebat,
1762 2609 1936 2689 quod
1966 2608 2233 2673 suculae
2264 2607 2336 2673 111
2365 2627 2535 2674 anno
2581 2609 2829 2674 rustico
2874 2607 3047 2674 nihil

674 2713 922 2794 valent,
967 2710 1155 2776 cuius
1200 2714 1425 2791 partes
1469 2709 1600 2776 iam
1664 2712 1748 2775 ad
1802 2710 2235 2793 vergiliarum
2289 2710 2611 2776 stationes
2671 2712 3047 2793 descriptae

676 2818 885 2881 erant.
989 2813 1060 2880 Si
1119 2832 1279 2879 vero
1337 2812 1663 2895 singulari
1722 2811 1934 2878 forma
1992 2812 2323 2878 interdum
2389 2812 2604 2878 utitur
2671 2814 3047 2900 Columella,

677 2936 875 2983 unam
919 2916 1101 2982 illam
1148 2915 1556 2997 splendidam
1599 2915 1862 2980 stellam
1902 2920 2059 2981 ante
2102 2915 2325 2981 oculos
2356 2914 2609 2998 habuit,
2656 2935 2824 2997 quae
2867 2915 3048 2982 inter

675 3019 969 3101 reliquas
1014 3020 1211 3100 plane
1257 3018 1482 3082 eodem
1527 3018 1714 3082 modo
1761 3015 2007 3083 eminet
2054 3014 2177 3098 quo
2221 3017 2447 3082 sucula
2505 3017 2686 3084 inter
2728 3018 3048 3100 porculos.

677 3121 854 3204 Quin
899 3122 1119 3202 etiam,
1164 3121 1222 3185 si
1267 3120 1337 3184 in
1382 3124 1666 3184 mentem
1709 3120 2150 3203 revocaveris,
2211 3138 2378 3201 quae
2425 3138 2628 3202 supra
2674 3122 2756 3186 de
2802 3121 3045 3188 Orione

673 3228 744 3289 et
789 3222 1138 3289 Orionibus
1182 3223 1466 3287 diximus
1510 3220 1596 3306 (p.
1641 3222 1767 3306 87),
1836 3223 2119 3288 fortasse
2175 3226 2437 3289 statues
2497 3223 2751 3288 suculas
2807 3228 3045 3305 postea

673 3329 933 3392 tantum
978 3326 1350 3407 appellatas
1397 3343 1540 3390 esse
1587 3344 1627 3391 a
1671 3324 2117 3406 splendidiore
2160 3326 2401 3390 sucula.

844 3445 969 3511 His
1031 3445 1350 3527 expositis
1410 3462 1619 3525 paene
1678 3444 1913 3524 putavi
1971 3444 2312 3510 abundare
2371 3444 2657 3511 virorum
2705 3448 3045 3512 doctorum

675 3547 974 3614 diversas
996 3546 1391 3613 sententias
1435 3564 1837 3612 enumerare.
1947 3546 2076 3612 Sed
2137 3548 2308 3626 quod
2366 3546 2437 3611 in
2496 3546 2770 3628 reliquis
2829 3547 3044 3614 stellis

672 3649 925 3716 factum
991 3653 1126 3733 est,
1185 3649 1296 3714 hic
1359 3666 1613 3728 quoque
1681 3649 1819 3714 fiat.
1927 3649 2243 3714 Veterum
2301 3651 2386 3716 ab
2445 3648 2572 3733 eis,
2639 3669 2798 3731 quos
2857 3654 3043 3717 modo

673 3752 893 3836 attuli,
954 3753 1285 3833 discrepat
1344 3749 1654 3834 Nigidius
1715 3751 2012 3835 FiguluS,
2080 3750 2263 3817 cuius
2322 3751 2690 3833 opinionem
2736 3754 3042 3820 servavit

851 3939 893 4005 1)
928 3939 1116 3994 Simile
1165 3938 1293 4007 quid
1329 3940 1587 3995 Britanni
1635 3944 1850 3996 veteres
1894 3939 1953 3993 iu
1989 3938 2184 3994 Orione
2219 3939 2559 4008 conspexisse
2612 3939 2886 3995 videntur.
2958 3939 3042 3996 Cf.

674 4023 1083 4079 Grimmium
1118 4024 1154 4080 l.
1179 4040 1221 4078 3.
1257 4042 1313 4101 p,
1335 4025 1464 4080 606:
1502 4041 1614 4094 aye.
1651 4023 1919 4078 vielleieht
1941 4023 2096 4077 mehr
2119 4024 2243 4080 alt-3.
2266 4025 2481 4094 ylosseu
2513 4024 2838 4096 &bertraqeu
2869 4024 3043 4081 Orion

673 4108 846 4163 durch
881 4108 1176 4179 eburdriuy
1213 4151 1224 4162 .
1263 4152 1275 4165 .
1315 4153 1328 4165 .
1365 4111 1461 4164 der
1493 4111 1627 4164 sinu
1660 4112 1791 4175 muso'
1821 4109 1941 4162 sein
1973 4107 2307 4176 Eberhaufe.

851 4194 894 4265 ²)
932 4195 1038 4262 Qui
1072 4195 1142 4249 ad
1176 4196 1344 4266 Verg.
1381 4196 1579 4266 Georg.
1615 4196 1644 4249 I
1675 4195 1778 4249 138
1813 4194 2103 4250 adnotavit
2136 4195 2406 4264 interpres
2441 4213 2475 4250 a
2510 4195 2697 4251 nautis
2731 4212 2925 4251 nomen
2960 4196 3044 4251 in-

674 4285 900 4337 ventum
937 4296 1054 4336 6336
1076 4280 1135 4335 111
1160 4296 1394 4336 errorem
1419 4297 1452 4335 a
1477 4281 1724 4351 Vergilio
1746 4281 2005 4335 inductus
2031 4286 2132 4351 est,
2169 4281 2264 4349 qui
2289 4298 2321 4335 a
2339 4281 2524 4336 nautis
2548 4281 2771 4350 Hyadas
2794 4287 3043 4350 repertas

676 4382 795 4421 esse
833 4366 1068 4421 dixerat.
