3576 5085
610 396 736 461 164
1510 394 1816 450 Guilelmus
1849 393 2064 449 Gundel
2866 395 2973 483 [72
3080 354 3087 360 -

780 565 1018 631 Mirum
1078 583 1205 631 non
1268 569 1401 647 est,
1455 566 1627 646 quod
1686 564 2168 630 recentioribus
2226 564 2444 647 imago
2504 565 2697 631 boum
2755 571 2977 632 conta-

612 669 863 734 minata
906 672 1010 734 est
1054 687 1198 733 cum
1243 667 1532 750 imagine
1578 667 1879 748 plaustri.
1969 667 2171 733 Cuius
2215 666 2315 733 rei
2361 670 2694 749 complura
2740 673 2977 735 extant

610 771 925 852 exempla,
969 787 1240 852 quorum
1286 788 1484 835 unum
1530 768 1799 835 afferam
1846 768 2070 836 Ovidii
2114 770 2272 835 Met.
2317 770 2385 835 X
2429 771 2588 835 446:

1880 871 2188 953 interque
2234 872 2508 938 Triones

963 975 1247 1041 flexerat
1287 973 1547 1056 obliquo
1592 975 1964 1056 plaustrum
2009 978 2268 1040 temone
2309 974 2567 1040 Bootes.

786 1095 921 1162 Sed
964 1095 1023 1161 is
1069 1101 1289 1161 mente
1320 1099 1578 1160 tantum
1627 1095 1823 1161 boves
1866 1098 2124 1160 temone
2171 1093 2431 1160 additos
2477 1095 2767 1177 videbat,
2814 1113 2976 1175 quos

611 1198 817 1265 oculis
849 1197 1223 1279 conspicere
1253 1215 1381 1263 non
1411 1196 1646 1279 potuit.
1690 1196 1878 1279 Erat,
1912 1215 2055 1263 cum
2080 1202 2386 1278 putarem
2415 1196 2691 1263 Festum
2721 1215 2977 1279 quoque

608 1302 690 1367 de
711 1302 926 1367 bubus
944 1301 1028 1366 ad
1045 1319 1305 1366 currum
1322 1299 1566 1366 iunctis
1592 1299 1922 1381 cogitare;
1942 1318 2093 1365 nam
2117 1298 2281 1365 dicit
2304 1319 2363 1381 p.
2381 1300 2509 1366 339
2526 1300 2595 1364 M
2619 1303 2700 1366 de
2716 1305 2979 1381 septen-

608 1402 969 1469 trionibus:
1012 1409 1233 1485 septem
1275 1402 1487 1466 stellae
1519 1402 1770 1485 appell.
1800 1453 1816 1467 .
1847 1452 1860 1466 .
1889 1452 1904 1468 .
1949 1401 2065 1465 bus
2091 1403 2337 1467 iunctis,
2408 1402 2617 1487 Quem
2663 1421 2699 1468 e
2729 1402 2976 1486 Hygin.

608 1509 854 1571 astron.
896 1505 968 1570 H
999 1507 1038 1570 2
1083 1524 1145 1586 p.
1176 1504 1330 1570 3213
1390 1506 1884 1587 suppleverunt,
1930 1504 2044 1585 qui
2087 1508 2435 1585 utramque
2479 1504 2836 1587 imaginem
2882 1505 2979 1570 sic

609 1607 680 1673 in
724 1626 923 1673 unam
967 1607 1249 1689 redigit:
1295 1626 1369 1671 ex
1411 1611 1633 1690 septem
1661 1607 1860 1672 stellis
1902 1606 2062 1670 duae
2106 1627 2262 1690 quae
2294 1626 2484 1692 pares
2523 1613 2578 1670 el
2606 1609 2875 1671 maxime
2910 1610 2979 1672 in

607 1730 736 1774 uno
780 1710 906 1773 loeo
946 1709 1320 1792 viderentur,
1362 1729 1478 1792 pro
1518 1708 1713 1773 bubus
1735 1708 2125 1792 haberentur,
2172 1709 2445 1793 reliquae
2474 1714 2679 1773 aut-em
2710 1711 2987 1794 quinque

605 1811 884 1894 fiyuram
930 1812 1210 1895 plaustri
1275 1813 1638 1878 similarent.
1742 1812 1886 1877 Hoc
1943 1816 2175 1892 postea
2232 1816 2452 1878 mente
2513 1812 2981 1895 excogitatum,

608 1934 739 1981 non
768 1914 1074 1998 primitus
1104 1914 1310 1981 oculis
1340 1919 1757 1996 conspectum
1790 1932 1931 1981 esse
1955 1914 2103 1996 ipsa
2130 1913 2628 1980 constellatione
2660 1916 2981 1980 docemur.

610 2017 740 2083 Sed
784 2017 1227 2084 necessarium
1272 2035 1400 2083 non
1446 2024 1550 2083 est
1586 2021 1885 2083 statuere
1914 2017 2186 2082 Festum
2232 2018 2314 2083 de
2346 2017 2561 2083 bubus
2605 2018 2689 2083 ad
2721 2035 2980 2082 currum

611 2118 857 2186 iunctis
903 2120 1263 2202 cogitasse:
1329 2119 1397 2184 in
1442 2120 1716 2185 terendo
1769 2108 2025 2199 quoque
2083 2118 2331 2185 triones
2389 2118 2542 2202 iugo
2602 2118 2983 2202 iunguntur.

623 2222 811 2305 Quod
856 2224 1349 2289 demonstratur
1391 2221 1466 2287 Il.
1510 2222 1648 2287 XX
1691 2222 1821 2287 495
1837 2240 2007 2302 sqq.:

927 2322 1018 2399 ὡς
1061 2321 1120 2385 δ’
1164 2322 1268 2387 ὅτε
1310 2345 1409 2399 τις
1453 2321 1637 2406 ζεύξῃ
1682 2323 1847 2403 βόας
1889 2322 2161 2407 ἄρσενας
2202 2322 2689 2406 εὐρυμετώπους

924 2428 1289 2509 τριβέμεναι
1332 2435 1442 2508 κρῖ
1481 2424 1705 2488 λευκὸν
1748 2421 2076 2510 ἐϋκτιμένῃ
2121 2421 2188 2488 ἐν
2231 2424 2429 2508 ἀλωῇ.

783 2548 895 2613 Ita
930 2552 1193 2614 veteres
1224 2552 1475 2629 septem
1518 2547 1670 2613 illos
1710 2547 1964 2613 triones
1994 2547 2352 2614 habuerint
2380 2566 2499 2629 pro
2532 2547 2747 2613 tribus
2788 2550 2983 2615 boum

617 2649 811 2732 iugis,
857 2668 1129 2730 quorum
1173 2668 1371 2716 unum
1417 2651 1631 2734 tres,¹)
1676 2652 1804 2716 duo
1848 2650 2037 2716 binos
2078 2651 2281 2717 boves
2329 2649 2776 2718 continebant.

788 2753 1130 2819 Hactenus
1175 2755 1258 2819 de
1301 2752 1737 2837 opinionibus,
1778 2771 1943 2833 quas
2005 2771 2121 2834 pro
2179 2771 2339 2819 vere
2382 2752 2697 2819 Romanis
2756 2753 2985 2836 habeo,

617 2860 736 2921 aut
780 2874 1055 2936 quarum
1101 2855 1421 2939 originem
1465 2875 1774 2939 graecam
1830 2855 2006 2937 aptis
2066 2855 2477 2939 argumentis
2537 2858 2987 2922 demonstrare

614 2976 883 3039 nequeo.
971 2958 1274 3024 Vidimus
1327 2959 1654 3024 Romanos
1700 2977 1863 3041 erga
1908 2962 2158 3040 septem
2202 2958 2431 3024 stellas
2475 2958 2759 3040 simplici
2810 2957 2987 3042 cogi·

614 3061 870 3127 tatione
911 3061 1201 3127 humana
1231 3079 1380 3126 usos
1413 3079 1573 3144 esse,
1615 3080 1743 3127 non
1775 3066 2111 3142 tamquam
2156 3061 2456 3128 facerent
2486 3064 2642 3128 deas
2675 3062 2781 3128 vel
2814 3064 2983 3128 deos

614 3164 842 3245 Neque
898 3162 1071 3229 enim
1127 3163 1308 3246 agris
1358 3166 1688 3231 nocebant
1747 3170 1826 3229 ut
1885 3164 2215 3246 canicula,
2273 3165 2693 3246 quamobrem
2748 3166 2982 3230 deerat

616 3266 830 3348 timor,
877 3262 989 3347 qui
1034 3269 1392 3332 secundum
1434 3267 1815 3333 Lucretium
1860 3266 2111 3349 primus
2156 3266 2226 3333 in
2270 3268 2429 3332 orbe
2475 3270 2629 3333 deos
2675 3266 2856 3333 fecit.

789 3368 935 3433 Iam
1007 3371 1092 3433 ad
1165 3370 1535 3435 sententias
1625 3389 1666 3435 a
1739 3370 2018 3436 Graecis
2092 3372 2475 3452 desumptas
2554 3375 2985 3435 transeamus.

619 3471 906 3554 Quarum
967 3471 1426 3554 gravissimam
1485 3471 1619 3537 iam
1677 3490 1882 3553 supra
1940 3493 2000 3554 p.
2059 3474 2143 3538 68
2202 3470 2671 3555 indicavimuS,
2733 3471 2846 3538 ubi
2904 3473 2986 3537 de

619 3592 663 3639 u
682 3591 765 3639 rs
783 3592 825 3638 a
872 3574 1215 3656 agebatur.
1305 3574 1451 3657 Qua
1495 3593 1568 3640 re
1604 3573 1849 3641 Graeci
1886 3574 2168 3640 adducti·
2204 3575 2358 3658 sint,
2404 3580 2481 3640 ut
2525 3574 2757 3659 ἄρκτον
2801 3593 2990 3640 suam
3027 3623 3030 3626 -

619 3674 1015 3758 invenirent,
1061 3676 1183 3741 hoc
1213 3680 1511 3743 statuere
1540 3681 1837 3743 nostrum
1865 3696 1994 3743 non
2027 3685 2146 3744 est.
2235 3677 2456 3760 Quare
2489 3676 2580 3754 ὡς
2607 3675 2675 3740 ἐν
2712 3674 2987 3762 παρόδῳ

620 3782 878 3843 tantum
911 3778 1141 3861 dicam,
1186 3778 1343 3860 quid
1374 3778 1517 3861 ipse
1549 3779 1850 3846 sentiam.
1918 3779 2465 3861 Antiquissimam
2494 3779 2666 3845 hanc
2696 3778 2988 3862 appella-

621 3879 864 3946 tionem
908 3899 1051 3947 esse
1097 3885 1166 3947 et
1208 3880 1339 3946 iam
1386 3881 1883 3964 Indogermanis
1944 3900 2105 3964 quos
2148 3888 2393 3948 vocant
2436 3888 2679 3965 notam,
2723 3881 2988 3963 plurimi

622 3985 1041 4049 contendunt.
1051 3984 1100 4069 2)
1206 3984 1539 4067 Quantum
1602 3986 1687 4051 ad
1743 3985 2177 4066 veriloquium
2195 4035 2211 4068 ,
2269 3985 2705 4052 recentiorum
2763 3985 2987 4068 plures

622 4118 851 4173 miechee
905 4135 1008 4173 aas
1060 4119 1318 4189 Babylon
1369 4136 1422 4189 p.
1471 4120 1601 4190 212,
1650 4121 2013 4176 Winckler
2063 4120 2547 4177 Altorientalisehe
2596 4120 2990 4191 Forschunyen

620 4205 671 4259 3.
708 4204 879 4260 Reihe
915 4204 1020 4260 vol.
1057 4205 1084 4259 I
1120 4222 1173 4273 p.
1200 4205 1314 4260 181.

804 4291 843 4354 ¹)
880 4291 1081 4361 Iugum
1118 4307 1222 4359 quo
1258 4296 1372 4346 tres
1407 4292 1573 4347 boves
1608 4291 1915 4362 iungantur
1949 4299 2331 4349 commemorat
2366 4293 2666 4349 Columella
2699 4294 2760 4349 II
2781 4294 2815 4347 6
2850 4294 2989 4348 med.

801 4375 842 4446 ²)
878 4377 1105 4446 Kaegi
1153 4377 1359 4431 Annal.
1397 4376 1657 4433 Fleckeis.
1696 4379 1872 4434 CXXI
1906 4380 2023 4449 462,
2074 4379 2138 4435 G.
2175 4379 2465 4434 Curtius
2517 4377 2849 4449 Grandi-‘1290
2894 4376 2991 4432 der
