3576 5085
432 419 541 498 31]
880 416 963 470 De
999 415 1279 472 stellarum
1316 415 1682 485 appellatione
1718 421 1777 471 et
1810 415 2078 485 religione
2113 416 2360 471 Romana
2681 421 2805 486 123

434 590 750 673 optimum
783 607 965 655 omen
1015 593 1178 671 erat,
1224 587 1322 654 sic
1351 587 1651 654 defectus
1685 587 1948 654 luciferi
1993 587 2279 669 pessima
2321 590 2810 672 praesagiebat.

434 695 575 760 Iam
618 690 1097 773 antiquissimis
1141 690 1546 772 temporibus
1591 690 1808 757 Varro
1855 695 2162 757 auctores
2208 691 2499 758 Graecos
2541 698 2806 760 secutus

429 816 503 862 re
545 815 707 862 vera
736 795 808 860 id
855 793 1175 861 accidisse
1222 792 1676 860 affirmaverat
1721 792 2028 877 (August.
2059 794 2140 859 de
2185 793 2307 861 civ.
2353 793 2464 861 dei
2507 795 2680 862 XXI
2709 796 2806 882 8);

429 897 824 980 posteriores
862 915 938 962 eo
970 896 1072 962 usi
1111 901 1282 979 sunt,
1327 899 1404 961 ut
1433 900 1739 961 ornatum
1768 894 2096 977 poeticum
2130 897 2466 962 adderent.
2524 898 2809 983 Legitur

430 1001 499 1066 in
546 998 992 1067 consolatione
1045 1000 1130 1064 ad
1175 998 1440 1065 Liviam
1485 997 1699 1082 (PLM
1743 998 1778 1063 I
1824 1018 1884 1080 p.
1925 998 2070 1081 118)
2116 1016 2176 1065 v.
2221 999 2350 1064 405
2366 1019 2539 1081 sqq.:

843 1102 1066 1168 sidera
1106 1100 1263 1182 quin
1309 1100 1512 1167 etiam
1559 1100 1742 1167 caelo
1787 1099 2039 1183 fugisse
2084 1099 2393 1167 feruntur

950 1203 1189 1270 lucifer
1232 1207 1303 1269 et
1349 1202 1582 1270 solitas
1628 1202 2016 1270 destituisse
2061 1204 2225 1271 vias,

844 1307 1083 1373 lucifer
1126 1306 1197 1371 in
1242 1311 1383 1372 toto
1428 1306 1596 1373 nulli
1640 1306 2012 1388 comparuit
2055 1310 2230 1373 orbe.

641 1412 770 1477 409
844 1409 1081 1476 sideris
1114 1411 1237 1476 hoc
1280 1408 1530 1475 obitum
1573 1408 1777 1475 terris
1822 1409 2073 1476 instare
2121 1412 2431 1477 monebat

945 1518 1014 1580 et
1057 1511 1267 1595 mergi
1312 1511 1550 1596 Stygia
1593 1511 1813 1578 nobile
1857 1513 2080 1579 lumen
2123 1532 2312 1594 aqua.

604 1617 746 1681 Iam
792 1617 880 1682 ad
922 1615 1117 1682 finem
1163 1615 1461 1698 perduxi,
1505 1634 1677 1696 quae
1715 1617 1797 1681 de
1843 1615 2256 1697 opinionibus
2300 1635 2463 1683 vere
2492 1617 2807 1683 Romanis

432 1726 500 1785 et
530 1720 932 1787 Graecorum
963 1718 1299 1800 sapientia
1345 1718 1561 1784 auctis
1590 1717 1893 1799 proferre
1923 1718 2240 1784 volebam.
2327 1718 2561 1801 Qualis
2591 1718 2806 1802 imago

435 1822 660 1906 fuerit,
707 1840 878 1903 quae
924 1820 1222 1888 omnibus
1265 1820 1335 1885 in
1381 1838 1583 1885 unum
1629 1820 1889 1885 collatis
1934 1821 2173 1886 effecta
2215 1820 2325 1901 sit,
2372 1820 2727 1901 apparebit
2770 1840 2806 1887 e

432 1923 779 1990 Dracontii
821 1923 1147 2005 versibus
1195 1940 1355 2002 quos
1399 1921 1631 1986 ultimo
1675 1922 1818 1987 loco
1864 1921 2206 1987 reservavi
2233 1931 2239 1938 '
2264 1922 2357 2005 (Χ
2402 1923 2530 1988 470
2547 1940 2684 2003 sqq.
2722 1951 2806 1976 =

438 2026 627 2090 PLM
673 2025 733 2090 V
776 2044 837 2105 p.
884 2024 1068 2110 209):

849 2125 1040 2192 exilit
1081 2126 1343 2191 interea
1389 2130 1687 2192 tecturus
1740 2125 1978 2192 lucifer
2020 2130 2208 2192 astra

843 2229 1123 2311 puniceo
1168 2235 1564 2311 praevectus
1602 2247 1768 2311 equo
1815 2229 2187 2311 rutilasque
2232 2229 2612 2313 micansque

844 2351 1154 2399 concusso
1199 2334 1280 2398 de
1324 2332 1506 2398 crine
1550 2332 1745 2399 iubar
1790 2332 2103 2399 diffundit
2147 2333 2215 2399 in
2261 2334 2483 2400 orbem

843 2434 1238 2519 flammigeri
1281 2454 1509 2502 roseas
1553 2437 1961 2517 praecedens
2007 2435 2165 2502 solis
2208 2436 2582 2521 habenas.1)

603 2557 735 2623 Sed
808 2562 960 2638 post
1019 2557 1310 2624 Graecos
1385 2557 1863 2624 Chaldaeorum
1883 2557 1932 2641 2)
2007 2556 2310 2623 doctrina
2367 2556 2805 2623 Romanorum

431 2659 683 2725 animos
742 2658 1097 2741 inficiebat,
1158 2678 1290 2739 qua
1345 2658 1588 2725 lucifer
1648 2658 1832 2725 fact-a
1892 2665 1997 2724 est
2055 2660 2253 2725 stella
2311 2659 2608 2726 Veneris.
2709 2660 2808 2728 Ut

429 2762 654 2828 Venus
701 2761 985 2826 omnium
1032 2761 1417 2826 animalium
1461 2761 1850 2843 generatrix
1896 2766 2015 2843 est,
2073 2761 2173 2826 ita
2233 2765 2304 2826 et
2346 2762 2609 2827 stellam
2653 2761 2806 2828 huic

431 2865 593 2928 deae
638 2880 892 2927 sacram
947 2862 1226 2928 alicuius
1269 2862 1582 2927 momenti
1625 2861 1695 2927 in
1730 2864 2104 2944 generando
2150 2861 2356 2928 Plinii
2399 2863 2806 2944 temporibus

430 2964 763 3045 putabant
791 2963 1070 3029 Romani
1114 2964 1216 3048 (N.
1247 2964 1329 3029 H.
1360 2964 1432 3029 H
1461 2964 1564 3046 38,
1601 2984 1664 3031 v.
1709 2982 1915 3046 supra
1943 2984 2093 3048 pag.
2123 2964 2264 3048 25):
2309 2968 2483 3046 quod
2511 2970 2652 3031 tum
2698 2967 2805 3031 de-

430 3084 606 3131 mum
649 3064 898 3132 factum
945 3084 1105 3149 esse,
1150 3085 1296 3131 cum
1331 3066 1570 3132 lucifer
1614 3085 1651 3132 e
1682 3065 2156 3133 Chaldaeorum
2196 3067 2529 3133 sententia
2557 3068 2807 3134 Veneri

430 3168 725 3234 tributus
770 3171 962 3250 esset,
1007 3187 1124 3249 per
1169 3187 1241 3234 se
1284 3174 1486 3250 patet.
1576 3169 1720 3235 Hoc
1765 3168 1898 3234 iam
1944 3169 2205 3235 Nerone
2247 3169 2617 3251 imperante
2667 3167 2805 3236 fac-

429 3276 569 3337 tum
613 3269 819 3336 fuisse
863 3272 1056 3337 docet
1099 3271 1425 3353 LucanuS,
1472 3272 1585 3353 qui
1627 3272 1700 3337 in
1742 3272 2203 3339 enumerandis
2237 3272 2453 3339 stellis
2497 3272 2805 3339 erraticis

426 3372 594 3440 dicit
623 3374 693 3439 X
724 3374 882 3440 208:
921 3373 1197 3455 fecunda
1238 3374 1440 3439 Venus
1471 3378 1841 3439 cunctarum
1876 3394 2091 3438 rerum
2134 3377 2376 3439 semina
2413 3374 2423 3459 Ι
2454 3374 2804 3460 possidet.⁸)

427 3475 603 3559 Quin
648 3475 848 3541 etiam
879 3476 1200 3542 Varronis
1244 3477 1652 3558 temporibus
1696 3478 1859 3543 haec
1890 3476 2227 3543 sententia
2273 3480 2452 3560 apud
2481 3478 2805 3544 Romanos

426 3583 702 3660 recepta
746 3577 894 3644 fuit.
983 3579 1126 3646 Hoc
1171 3580 1604 3646 concludatur
1631 3599 1901 3647 necesse
1944 3586 2049 3646 est
2094 3599 2131 3646 e
2161 3581 2384 3647 Servii
2426 3580 2675 3649 scholio
2718 3583 2805 3648 ad

602 3720 643 3788 ²)
680 3718 755 3773 Hi
820 3732 1012 3773 versus
1077 3721 1339 3772 revocant
1403 3723 1596 3784 poetae
1661 3716 1925 3771 nostratis
1979 3717 2154 3772 Hebel
2207 3716 2403 3786 (Alem.
2464 3716 2598 3773 Ged.
2614 3735 2630 3772 .·
2683 3717 2805 3772 Der

430 3801 831 3872 Moryenstern)
868 3817 1115 3857 carmen:

1059 3886 1257 3941 Woher
1290 3900 1351 3940 eo
1386 3885 1590 3953 friceih,
1625 3901 1707 3939 wo
1741 3902 1849 3939 ane
1883 3885 2026 3955 εοῙιο,

1043 3972 1168 4026 Her
1201 3971 1551 4042 Moryestern
1587 3971 1918 4042 mandem-ne,

1049 4056 1113 4111 in
1148 4056 1308 4112 diner
1339 4056 1596 4128 ylitzriye
1632 4057 2095 4111 Himmelstracht

1045 4142 1110 4197 in
1145 4142 1305 4197 (liner
1335 4142 1596 4213 yuldiycn
1628 4142 1809 4197 Lockc
1843 4142 2068 4212 Pracht‚

1044 4228 1152 4283 mit
1185 4227 1355 4283 dinen
1388 4229 1546 4299 Auqe
1581 4227 1732 4284 chlor
1766 4228 1887 4283 und
1921 4228 2051 4283 blau

1046 4313 1166 4369 und
1199 4314 1356 4382 aufer
1386 4313 1688 4384 9’wc'ischen
1723 4313 1807 4368 im
1840 4313 2172 4384 Moryethau
2189 4316 2215 4368 ,9

601 4397 645 4467 ²)
681 4399 747 4453 V.
784 4414 950 4467 supra
986 4416 1115 4469 pag.
1151 4399 1238 4453 21.
1600 4398 1640 4467 ³)
1677 4399 1834 4453 Idem
1870 4400 1900 4452 I
1936 4399 2066 4454 661:
2116 4398 2338 4456 Veneris
2373 4397 2594 4453 salubre
2627 4395 2798 4451 sidus.
