3576 5085
476 423 585 510 79]
923 424 1003 477 De
1040 422 1322 477 stellarum
1360 420 1723 490 appellatione
1760 427 1819 475 et
1853 420 2121 490 religione
2157 422 2400 476 Romana
2720 424 2839 488 171

478 594 801 659 balneum.
890 593 1030 658 Hoc
1065 590 1333 673 primuS‚
1380 595 1698 672 quantum
1745 609 1863 656 nos
1894 592 2151 668 scimUS,
2199 590 2361 657 fecit
2392 591 2686 675 OvidiuS,
2733 592 2846 672 qui

481 693 873 762 Phaetontis
918 693 1131 760 fatum
1176 711 1454 758 narrans
1500 692 1691 758 addit
1734 693 1892 759 Met.
1937 694 2007 758 Π
2058 695 2211 758 171:

828 802 969 863 tum
1013 796 1293 878 primum
1337 794 1549 861 radiis
1596 795 1805 877 gelidi
1849 797 2114 861 caluere
2160 796 2435 862 Triones

830 904 900 965 et
944 899 1158 965 vetito
1205 898 1457 964 frustra
1500 902 1921 979 temptarunt
1967 917 2250 979 aequore
2286 898 2521 982 tingui.

651 1002 875 1069 Ovidii
918 1002 1264 1068 inventum
1294 1005 1371 1067 ut
1414 1020 1536 1082 par
1581 1006 1683 1066 est
1712 999 2139 1081 arripuerunt
2183 1001 2435 1067 Seneca
2478 1002 2673 1086 (Med.
2721 1003 2844 1068 758

476 1108 723 1170 vetitum
769 1125 944 1168 mare
981 1104 990 1189 Ι
1029 1104 1314 1188 tetiqistis
1367 1122 1553 1166 ursae
1597 1107 1667 1168 et
1712 1101 2117 1169 Claudianus
2166 1102 2455 1188 (XXXV
2503 1105 2627 1169 189
2672 1105 2848 1167 vetito

481 1229 546 1272 se
596 1209 839 1289 proluit
881 1208 1114 1270 Arctos
1152 1207 1160 1290 Ι
1200 1224 1464 1290 aequore
1509 1210 1577 1270 et
1620 1205 1962 1272 XXXVII
1995 1209 2071 1271 11
2105 1236 2191 1261 =
2236 1225 2433 1272 carm.
2485 1206 2636 1271 min.
2680 1207 2849 1271 LIII

485 1310 800 1375 Oceanum
820 1310 976 1392 petit
1002 1310 1230 1372 Arctos
1256 1308 1683 1392 inocciduique
1714 1308 1979 1372 Triones
2015 1310 2025 1393 Ι
2064 1328 2346 1373 occasum
2378 1309 2647 1373 didicere
2673 1311 2848 1391 pati),

482 1415 634 1478 dum
675 1411 929 1478 Statius
962 1410 1281 1478 invidiam
1315 1416 1565 1491 septem
1612 1411 1958 1477 stellarum
1989 1410 2305 1495 depingit,
2344 1415 2516 1492 quod
2550 1412 2848 1492 reliquae

486 1515 744 1581 Oceano
788 1515 1099 1582 laventur
1143 1513 1372 1598 (Theb.
1403 1514 1511 1578 III
1542 1514 1709 1593 685).
1800 1515 1940 1579 Aut
1984 1513 2053 1579 in
2091 1514 2234 1579 iure
2266 1515 2545 1580 iurando
2590 1520 2851 1594 septen-

484 1616 770 1682 trionum
816 1617 1171 1683 adhibetur
1215 1617 1603 1699 exemplum,
1647 1616 1745 1681 ita
1788 1621 1868 1682 ut
1914 1617 2096 1683 dicat
2135 1617 2249 1698 qui
2294 1618 2509 1683 iurat:
2554 1637 2684 1683 non
2729 1618 2850 1682 hoc

483 1719 600 1786 fiet
644 1739 849 1801 usque
891 1722 1042 1785 dum
1074 1720 1331 1786 Oceano
1368 1721 1734 1801 plaustrum
1769 1731 2125 1801 mergatur.
2214 1719 2532 1800 Exemplo
2579 1719 2850 1784 afferam

484 1821 798 1889 Senecam
844 1823 1002 1890 Oed.
1045 1823 1190 1904 507,
1233 1821 1690 1887 iusiurandum
1736 1821 2269 1901 pronuntiantem
2329 1823 2561 1886 valens
2607 1823 2853 1905 altaque

485 1926 830 1988 caeruleum
872 1925 1023 1988 dum
1054 1924 1259 1987 Nerea
1289 1925 1507 1987 nesciet
1532 1924 1771 1988 Arctos,
1839 1923 1923 1989 Se
1953 1923 2096 2004 ipse
2134 1923 2436 1989 imitatus
2469 1928 2569 1989 est
2604 1924 2853 1990 Seneca

485 2027 647 2093 locis
692 2027 912 2092 hisce:
959 2027 1129 2091 Med.
1175 2027 1304 2091 404
1345 2025 1524 2109 (dum
1553 2028 1750 2089 siccas
1791 2027 1974 2108 polus
2012 2026 2022 2109 Ι
2060 2026 2321 2090 versabit
2351 2027 2613 2110 Arctos),
2658 2027 2853 2092 Herc,

486 2130 628 2196 Oet.
676 2130 846 2195 1584
909 2128 1079 2213 (ante
1121 2128 1434 2191 descendet
1481 2128 1772 2211 ylacialis
1818 2148 2002 2192 ursae
2057 2129 2066 2212 Ι
2106 2133 2160 2192 et
2203 2129 2374 2192 sidus
2416 2129 2622 2193 Ponto
2683 2131 2854 2193 vetito

482 2231 780 2315 fruetur),
826 2232 1094 2313 Thyest.
1117 2232 1246 2296 476
1278 2229 1603 2312 (aetherias
1622 2232 1814 2310 prius
1835 2231 2178 2312 perfundet
2212 2233 2434 2295 Arctos
2470 2231 2746 2317 pontus),
2784 2237 2854 2297 et

487 2333 803 2401 Senecam
832 2333 1231 2399 Claudianus
1256 2332 1419 2398 XLI
1445 2333 1525 2397 16
1550 2332 1871 2417 (claraque
1891 2353 1956 2397 se
1978 2336 2154 2398 vetito
2177 2335 2427 2417 proluet
2458 2334 2622 2398 Ursa
2648 2335 2856 2419 mari).

660 2437 819 2502 Cum
880 2455 1036 2502 vero
1095 2454 1350 2517 semper
1408 2436 1476 2501 in
1539 2436 1721 2502 caelo
1784 2442 2170 2502 versaretur
2227 2438 2616 2521 plaustrum,
2681 2456 2855 2503 nova

487 2539 829 2606 oriebatur
880 2538 1257 2605 difficultas.
1374 2538 1690 2621 Vulgaris
1765 2538 1984 2621 opinio
2058 2540 2289 2606 stellas
2369 2539 2610 2622 quippe
2684 2560 2856 2621 quae

489 2642 732 2708 maiore
776 2642 1122 2724 splendore
1168 2642 1463 2707 niterent
1494 2661 1635 2706 cum
1669 2663 1752 2708 ex
1784 2643 2043 2708 Oceano
2074 2650 2440 2725 surgerent,
2486 2662 2616 2709 non
2647 2645 2855 2709 solum

490 2745 779 2810 recreari
838 2746 955 2809 sed
1013 2747 1083 2808 et
1141 2743 1387 2808 nutriri
1447 2744 1711 2809 humore
1763 2744 2094 2810 maritimo
2153 2745 2512 2829 putabat.²)
2617 2747 2856 2827 Itaque

499 2844 879 2929 παράδοξον
921 2850 1069 2910 erat
1113 2847 1591 2911 adnotandum:
1637 2846 1741 2910 sed
1787 2847 1945 2910 lucet
1987 2848 2058 2909 in
2102 2849 2295 2911 astris
2332 2850 2343 2930 Ι
2384 2847 2639 2912 Callisto
2683 2869 2858 2912 reno-

494 2953 711 3030 vatque
769 2967 908 3010 suos
969 2949 1103 3011 sine
1155 2947 1446 3029 fluctibus
1489 2948 1681 3031 iones,
1726 2967 1790 3014 v.
1848 2949 2243 3015 Lactantius
2302 2969 2477 3015 narr.
2539 2949 2669 3015 fab.
2712 2950 2784 3015 Π
2819 2951 2859 3015 6

496 3049 697 3132 (FPR
738 3051 836 3114 ed.
882 3049 1179 3116 Bahrens
1223 3071 1284 3131 p.
1330 3049 1475 3133 328,
1521 3051 1603 3134 6).
1692 3050 2023 3133 Quomodo
2071 3056 2295 3118 autem
2339 3058 2631 3135 renovet,
2687 3052 2859 3117 dix-it

495 3150 755 3218 Statius
801 3153 1006 3218 Theb.
1053 3153 1187 3218 VII
1231 3156 1414 3234 Ssq.:

1013 3307 1073 3321 ..
1121 3255 1376 3321 Oceano
1422 3255 1703 3323 vetitum
1751 3275 1884 3337 qua
1927 3256 2284 3323 Parrhasis
2329 3257 2551 3339 ignem

943 3358 1229 3424 nubibus
1276 3357 1572 3424 hibernis
1619 3363 1688 3423 et
1732 3364 1957 3425 nostro
2002 3358 2300 3441 pascitur
2342 3359 2554 3426 imbri.

666 3461 809 3526 Non
857 3462 1184 3526 decedunt
1231 3462 1313 3528 de
1344 3463 1526 3527 caelo
1564 3465 1816 3543 septem
1860 3462 2125 3544 triones,
2172 3465 2290 3528 sed
2323 3466 2401 3527 ut
2445 3467 2601 3527 sunt
2635 3467 2861 3529 centro

494 3563 794 3645 proximi,
855 3563 1024 3629 satis
1085 3566 1275 3630 tarde
1335 3569 1700 3631 moventur.
1804 3564 1990 3648 Quod
2050 3564 2144 3630 eis
2189 3564 2453 3646 saepius
2514 3566 2862 3646 opprobrio

494 3668 798 3732 vertitur.
884 3666 1056 3732 Sunt
1094 3668 1269 3751 piyri
1315 3667 1641 3749 (plaustra
1687 3668 1884 3733 Mart.
1930 3667 2100 3732 VHI
2130 3669 2232 3750 21,
2276 3669 2352 3748 3;
2397 3668 2621 3733 sidera
2665 3669 2862 3733 Mart.

497 3768 595 3833 VI
639 3770 740 3850 58,
787 3771 842 3850 2,
887 3769 990 3834 IX
1022 3771 1123 3851 45,
1170 3772 1240 3851 2;
1286 3774 1460 3836 temo
1507 3770 1679 3835 Stat.
1710 3770 1915 3835 Theb.
1956 3769 1991 3833 Ι
2020 3771 2179 3850 371;
2226 3770 2473 3836 triones
2521 3771 2864 3836 Claudian.

500 3869 634 3933 VII
681 3871 864 3954 205),
920 3890 1132 3951 seques
1190 3872 1447 3956 (stellae
1491 3872 1637 3938 Val.
1682 3871 1899 3937 Flacc.
1958 3872 1993 3936 I
2037 3873 2207 3957 482),
2266 3872 2439 3936 tardi
2496 3874 2711 3956 (Prop.
2756 3874 2864 3938 HI

501 3971 603 4053 31,
647 3971 774 4054 24).
862 3971 1003 4055 Quo
1033 3978 1217 4038 motu
1241 3977 1581 4040 retardato
1620 3973 1714 4054 fit,
1745 3979 1822 4039 ut
1853 3975 2156 4056 plaustra
2186 3974 2541 4041 videantur
2572 3977 2864 4060 lanquere

500 4072 770 4158 (Lucan.
816 4074 887 4139 II
931 4077 1083 4156 7223
1129 4076 1297 4142 Stat.
1344 4078 1547 4142 Theb.
1592 4077 1627 4141 Ι
1666 4077 1837 4158 692).

671 4176 843 4241 Dum
888 4175 958 4242 in
1004 4177 1185 4243 caelo
1231 4178 1532 4245 humanis
1576 4178 1781 4245 oculis
1828 4184 2127 4262 apparet,
2175 4199 2368 4261 quam
2413 4180 2692 4246 maxime
2737 4179 2863 4245 ful-

501 4297 658 4361 gere
703 4278 875 4345 solet
918 4279 1286 4361 plaustrum
1331 4280 1625 4363 boreale3
1672 4282 1983 4363 splendor
2018 4282 2161 4348 eius
2205 4302 2245 4349 a
2282 4283 2500 4364 poetis
2540 4280 2863 4348 celebrari

675 4415 715 4484 ¹)
751 4415 892 4472 Vide
929 4432 1095 4484 supra
1130 4433 1181 4485 p.
1219 4416 1286 4470 29
1307 4433 1384 4485 sq.
1423 4424 1482 4472 et
1516 4417 1662 4473 infra
1698 4423 1866 4487 caput
1900 4418 2005 4473 ΙΙΙ.
