3576 5085
529 426 637 515 35]
977 429 1058 481 De
1094 427 1376 482 stellarum
1414 426 1780 496 appellatione
1817 432 1874 481 et
1909 426 2176 496 religione
2210 427 2457 481 Romana
2774 429 2897 493 127

527 599 818 680 loquitur
864 601 1113 665 duobus
1158 599 1351 680 locis3
1412 601 1492 664 de
1552 617 1625 664 re
1668 603 1833 664 rust.
1876 599 1912 663 I
1960 600 2059 681 28,
2106 601 2177 664 2:
2236 598 2384 662 inde
2441 597 2525 661 ad
2584 598 2900 661 caniculae

526 704 599 765 si
608 723 650 783 9
666 722 848 766 num
892 701 1024 765 dics
1065 700 1320 779 XXIX,
1387 708 1456 767 et
1498 702 1586 769 ib.
1631 702 1665 767 I
1708 704 1811 784 41,
1858 704 1927 767 1;
1991 701 2312 783 (ficetum),
2374 700 2539 782 quod
2597 701 2899 764 inseritur

528 806 964 868 caniculae
1027 807 1294 888 si9n0,
1364 805 1849 868 commodissime
1903 805 2296 868 existimatur
2349 805 2618 887 inser-il)
2734 805 2898 869 Post

527 909 890 974 Varronem
952 908 1455 988 Ciceronemque
1523 908 1865 973 caniculae
1934 907 2290 989 appellatio
2349 907 2591 987 passim
2648 906 2897 988 legitur

529 1013 706 1091 apud
736 1011 1090 1091 scriptores
1123 1017 1326 1092 atque
1356 1015 1606 1093 poetaS,
1641 1016 1714 1075 ut
1751 1009 2138 1092 designetur
2170 1015 2288 1075 aut
2319 1011 2518 1076 stella
2550 1016 2668 1075 aut
2698 1010 2899 1091 siduS,

530 1114 714 1179 cuius
759 1115 859 1179 rei
890 1115 1192 1195 exempla
1238 1132 1409 1193 quae
1454 1119 1770 1179 sexcenta
1802 1117 1960 1179 sunt
2007 1114 2244 1178 afferre
2292 1113 2587 1179 consulto
2634 1111 2896 1196 omisi.2)

529 1217 756 1297 Neque
804 1217 975 1282 enim
1019 1216 1077 1281 is
1118 1236 1275 1282 usus
1330 1216 1688 1297 quidquam
1732 1217 2029 1282 notabile
2072 1217 2292 1297 habet,
2338 1216 2468 1282 nisi
2512 1218 2687 1296 quod
2731 1218 2899 1280 unus

529 1318 875 1384 Palladius
919 1321 1241 1399 pluralem
1286 1327 1626 1385 numerum
1671 1321 1969 1401 praebet,
2016 1321 2169 1384 dum
2215 1319 2450 1384 scribit
2496 1321 2577 1384 de
2621 1337 2694 1384 re
2738 1322 2901 1384 rust.

531 1421 700 1486 VIII
737 1424 806 1487 6:
851 1421 964 1484 sub
994 1426 1134 1485 ortu
1164 1423 1596 1485 canicularum
1620 1422 1670 1506 a)
1713 1427 1781 1487 et
1820 1423 1924 1486 XI
1957 1423 2056 1504 12,
2088 1423 2128 1487 8
2170 1423 2231 1485 si
2259 1427 2437 1485 aestu
2465 1422 2900 1485 cani-cularum

526 1525 859 1605 fatiyatur.
946 1524 1256 1590 Proxima
1322 1530 1427 1590 est
1493 1525 1873 1590 coniectura
1933 1524 2270 1607 designari
2327 1524 2572 1606 plurali
2631 1525 2901 1590 numero

529 1629 753 1708 plures
812 1627 960 1693 illas
1019 1629 1268 1711 stellaS‚
1331 1628 1567 1708 quibus
1634 1632 1847 1693 totum
1905 1629 2168 1710 signum
2229 1627 2654 1709 componitur.
2758 1627 2902 1692 Hoc

530 1750 783 1811 quoque
827 1735 1066 1796 notatu
1113 1732 1385 1812 dignum
1429 1732 1692 1798 videtur
1743 1731 1991 1812 ubique
2049 1730 2192 1796 fere
2254 1731 2614 1796 caniculam
2677 1749 2900 1797 vocem

531 1853 659 1899 non
705 1833 1020 1916 adhiberi,
1080 1833 1210 1898 nisi
1254 1839 1331 1899 ut
1391 1834 1791 1899 Graecorum
1857 1834 2021 1894 κύων
2079 1838 2198 1898 aut
2258 1834 2497 1914 σείριος
2553 1832 2902 1899 indicetur.

535 1937 721 2002 Unus
766 1936 1024 2000 Plinius
1084 1955 1229 2000 eam
1282 1935 1792 2016 appellationem
1855 1931 1947 2010 εἰς
1989 1932 2096 1997 τὸν
2139 1935 2472 2019 προκύονα
2530 1935 2903 2000 transferre

536 2056 736 2103 ausus
784 2043 901 2119 est,
947 2037 1061 2117 qui
1106 2037 1272 2102 dicit
1319 2039 1394 2102 N.
1425 2038 1507 2102 H.
1539 2038 1777 2102 XVIII
1822 2039 1981 2103 268:
2016 2057 2289 2119 procyon
2336 2087 2350 2100 .
2400 2086 2414 2101 .
2466 2086 2479 2102 .
2528 2038 2692 2119 quod
2729 2037 2906 2101 siclus

533 2140 704 2220 apud
745 2140 1064 2203 Romanos
1105 2160 1232 2204 non
1273 2140 1452 2204 habel
1493 2140 1790 2225 nomen,4)
1833 2142 1964 2204 nisi
2006 2141 2357 2204 caniculam
2415 2140 2573 2205 lianc
2623 2142 2905 2206 volumus

530 2245 818 2324 inlellcyi,
862 2243 969 2307 hoc
1012 2247 1099 2306 cst
1144 2245 1442 2307 minorem
1486 2264 1720 2321 canem,
1767 2249 1840 2307 ut
1881 2246 1952 2307 in
1983 2246 2178 2308 astris
2214 2245 2523 2325 pingitur.
2613 2244 2744 2310 Sed
2784 2243 2903 2309 illa

531 2347 736 2412 Plinii
795 2347 1155 2413 translatio
1216 2347 1463 2413 nemini
1525 2347 1963 2428 posteriorum
2032 2352 2308 2429 accepta
2365 2347 2532 2429 fuit,
2590 2347 2720 2412 nisi
2786 2347 2900 2413 uni

532 2450 817 2516 fortasse
849 2450 1115 2532 Hygino
1150 2453 1411 2516 Astron.
1441 2451 1514 2516 II
1543 2453 1585 2515 4
1615 2471 1677 2533 p.
1708 2452 1897 2516 3613:
1929 2452 2280 2514 caniculam
2311 2450 2622 2531 clicccrunt,
2668 2469 2828 2530 quae
2862 2471 2903 2514 a

534 2554 809 2637 Graecia,
845 2554 1011 2635 quod
1053 2560 1200 2618 anic
1228 2556 1524 2618 maiorem
1555 2575 1766 2618 canem
1796 2557 2091 2633 exoritur,
2137 2556 2440 2640 προκύων
2474 2554 2842 2636 appellatur.
2851 2554 2902 2639 5)

702 2657 1018 2723 Canicula
1058 2659 1449 2724 vocabulum
1493 2677 1702 2738 usque
1747 2661 1833 2723 ad
1876 2663 2239 2724 extremam
2294 2658 2583 2723 Latinae
2627 2657 2900 2738 linguae

532 2763 822 2825 aetatem
867 2760 1117 2841 viguit3
1165 2765 1241 2825 ut
1270 2760 1793 2825 recentissimum
1839 2763 2160 2841 quendam
2205 2761 2545 2842 nominem,
2589 2760 2903 2825 Ioannem

531 2862 1004 2943 Noviomagum
1065 2862 1299 2945 afferO,
1372 2861 1486 2943 qui
1560 2862 1732 2927 dixit
1792 2862 1860 2927 in
1920 2863 2459 2929 adnotationibus
2538 2865 2625 2927 ad
2683 2863 2903 2926 Bedae

535 2966 616 3028 de
660 2968 796 3029 nat.
842 2983 966 3030 rer.
1013 2984 1154 3046 cap.
1185 2966 1289 3031 XI
1326 2969 1423 3031 ed.
1457 2965 1587 3031 Col.
1619 2964 1897 3048 Agripp.
1942 2965 2269 3031 MDCXII
2299 2964 2686 3045 adscriptis:
2732 2965 2903 3027 cani-

534 3062 677 3129 cula
717 3067 898 3130 stella
955 3072 1043 3130 cst
1094 3068 1371 3147 siccarum
1430 3070 1707 3133 omnium
1768 3070 2045 3132 maxima
2102 3070 2173 3131 in
2231 3088 2335 3132 ore
2393 3069 2571 3131 canis·
2629 3068 2903 3132 maioris

534 3169 720 3251 Quod
765 3189 908 3235 cum
943 3170 1044 3235 ita
1087 3170 1192 3254 sit,
1244 3172 1477 3236 mirum
1524 3190 1650 3236 non
1698 3177 1802 3237 est
1856 3172 2130 3253 populos
2186 3170 2604 3253 recentiores,
2665 3169 2778 3251 qui
2823 3172 2903 3235 de

531 3272 798 3338 Latinis
845 3275 1344 3356 descenderunt,
1388 3280 1684 3341 veterem
1729 3275 2239 3355 appellationem
2283 3273 2671 3340 retinuisse:
2733 3275 2902 3337 cani-

531 3376 673 3439 cula
733 3382 837 3442 est
908 3377 1352 3457 Hispanorum
1411 3377 1881 3444 Lusitanorum
1945 3378 2295 3460 Italorum,
2363 3377 2478 3458 qui
2536 3382 2761 3442 tamen
2834 3382 2903 3443 et

530 3480 808 3543 canicola
853 3479 1097 3562 dicunt,
1143 3481 1419 3544 canicule
1461 3481 2063 3572 Francogallorum.

706 3651 745 3720 ¹)
783 3651 1091 3706 Posteriora
1135 3653 1250 3708 loco
1296 3654 1499 3787 Varroz
1514 3652 1695 3707 utitur
1731 3652 2124 3720 Theophrasto,
2174 3651 2270 3719 qui
2317 3652 2385 3705 de
2422 3651 2610 3705 eadem
2659 3666 2717 3705 re
2766 3650 2904 3706 dicit

1014 3736 1336 3757 22222

705 3823 748 3891 ²)
784 3759 1061 3878 Nonnulla
1109 3824 1384 3893 congessit
1430 3840 1484 3878 v.
1533 3825 1583 3878 d.
1633 3823 1940 3878 Haebler
1988 3824 2134 3891 apud
2181 3823 2381 3891 Pauly·
2360 3822 2708 3878 -Wissowam
2757 3839 2799 3877 s,
2848 3840 2901 3878 v.

539 3907 706 3961 Canis
742 3910 830 3962 III
868 3910 1016 3965 1481.

711 3992 752 4064 ³)
787 3996 894 4049 Ubi
927 3996 986 4051 in
1021 3997 1134 4050 cod.
1172 3996 1351 4065 Lugd.
1390 4002 1475 4051 est
1511 3995 1935 4065 canicularium,
1975 3995 2071 4063 qui
2094 3995 2238 4049 idem
2263 3994 2489 4063 pluralis
2515 4011 2774 4049 numerus
2798 4001 2899 4062 est,

533 4079 622 4134 cui
657 4081 911 4148 suppleas
947 4082 1248 4138 stellarum.
1318 4082 1504 4137 Etiam
1553 4082 1725 4137 altero
1770 4081 1887 4135 loco
1934 4080 2343 4134 canicularium
2388 4080 2546 4135 varia
2590 4080 2751 4135 lectio
2800 4086 2899 4134 est.

705 4166 750 4234 ⁴)
785 4166 886 4220 His
922 4167 1092 4221 Plinii
1128 4167 1307 4222 verbis
1343 4175 1642 4223 commotus
1672 4168 1738 4221 de
1773 4182 2040 4235 procyone
2077 4166 2136 4220 in
2166 4166 2550 4221 dissertatione
2587 4183 2721 4235 mea,
2760 4180 2898 4233 quae

531 4252 672 4306 solos
707 4252 977 4307 Romanos
1015 4259 1245 4322 spectat,
1283 4252 1453 4307 verba
1486 4270 1595 4307 non
1630 4252 1752 4307 feci.

705 4338 746 4405 ⁵)
784 4354 836 4393 v
863 4339 964 4393 Fr.
991 4339 1131 4392 Har
1145 4339 1264 4392 der
1296 4337 1769 4407 Astroynostisclie
1793 4336 2210 4407 Bemerkunyen
2231 4354 2301 4391 zu
2336 4336 2440 4391 den
2462 4338 2598 4391 rb‘m
2623 4334 2900 4389 Dichtern

527 4439 656 4493 pag
695 4425 744 4478 6

2515 4507 2586 4559 e*
