3576 5085
721 409 845 475 156
1624 401 1927 457 Guilelmus
1964 398 2179 454 Gundel
2977 392 3086 481 [64

719 598 838 661 pro
885 578 1051 644 bove
1100 578 1274 658 apud
1319 575 1567 640 nullum
1615 572 1817 638 alium
1864 576 2196 637 auctorem
2239 569 2392 652 legi,
2437 587 2757 649 nusquam
2793 565 2957 631 alibi
3003 568 3085 631 de

719 686 971 762 septem
1017 679 1230 745 bubus
1276 675 1838 743 constellationem
1886 674 2070 739 illam
2117 671 2556 741 efficientibus
2612 670 2761 736 dici.
2850 670 3087 750 Itaque

720 784 1084 849 Varronem
1130 783 1249 846 hoc
1294 779 1681 848 vocabulum
1726 776 2161 857 adinvenisse,
2221 794 2345 855 quo
2404 772 2667 838 facilius
2725 791 2841 838 suo
2901 773 3088 838 modo

720 898 874 951 rem·
902 883 1280 965 explicaret,
1324 883 1690 963 putandum
1735 898 1895 945 esse.
1983 878 2110 943 Sed
2157 877 2457 957 equidem
2502 875 2896 957 putaverim,
2943 893 3087 939 cum

721 989 934 1054 Varro
978 985 1226 1051 diserte
1270 1003 1347 1049 ac
1392 984 1589 1064 plane
1637 983 1921 1048 affirmet
1980 982 2164 1044 etiam
2229 999 2398 1042 nune
2454 978 2700 1043 triones
2762 977 3090 1059 appellari

725 1108 766 1156 a
804 1088 1073 1154 rusticis
1116 1089 1335 1168 boveS,
1393 1085 1639 1151 iniuria
1683 1086 1804 1150 hoc
1850 1084 1919 1149 in
1979 1083 2245 1149 dubium
2290 1081 2515 1148 vocari
2563 1100 2602 1146 a
2648 1082 2734 1146 M.
2780 1082 3090 1147 Mueller:

723 1210 932 1272 neque
982 1190 1153 1256 enim
1198 1189 1333 1254 suis
1371 1187 1659 1255 inventis
1704 1186 2046 1252 mendacia
2091 1190 2312 1267 etyma
2356 1183 2591 1249 fulcire
2637 1202 2719 1249 ex
2749 1184 2928 1250 Aelii
2973 1189 3092 1250 aut

724 1293 1044 1359 Varronis
1091 1311 1267 1358 more
1315 1295 1477 1373 erat,
1541 1289 1651 1370 qui
1696 1291 1822 1354 hac
1873 1288 1941 1354 in
1999 1307 2072 1353 re
2133 1287 2331 1353 etiam
2390 1286 2719 1352 incautius
2780 1287 3092 1370 egissent,

726 1414 869 1461 cum
929 1414 1070 1460 suo
1130 1398 1511 1474 tempore
1571 1392 1803 1458 florere
1862 1392 1983 1456 hoc
2042 1381 2429 1457 vocabulum
2492 1388 2801 1454 dicerent.
2905 1388 3092 1472 Quod

725 1498 784 1564 si
828 1497 1065 1563 falsum
1110 1502 1272 1576 erat,
1319 1495 1518 1560 facile
1566 1514 1605 1559 a
1650 1493 1905 1560 criticis
1952 1491 2193 1559 erroris
2234 1491 2811 1558 convincebantur.

900 1599 1129 1679 Neque
1175 1602 1357 1663 recte
1404 1597 1697 1662 affirmat
1741 1597 1829 1662 M.
1874 1596 2241 1660 Mueller
2286 1612 2636 1673 numquam
2681 1593 2896 1658 trione
2944 1612 3094 1659 usos

729 1721 868 1768 esse
914 1702 1239 1766 Romanos
1303 1702 1387 1765 ad
1446 1699 1950 1782 significandum
1997 1699 2246 1765 bovem.
2321 1698 2562 1762 -Extat
2625 1697 2800 1762 enim
2860 1714 3095 1763 versus

727 1804 967 1870 Naevii
1025 1809 1257 1885 poetae
1312 1802 1465 1887 (frg.
1529 1802 1653 1869 inc.
1712 1802 1833 1882 IX,
1894 1803 2089 1883 Trag.
2134 1801 2314 1866 Rom.
2361 1798 2628 1882 fragm-⁰³
2687 1819 2746 1881 p.
2794 1800 2901 1883 17)
2948 1818 3096 1880 pro-

726 1908 904 1973 latus
951 1908 1035 1971 ab
1082 1906 1331 1971 Isidoro
1380 1904 1558 1987 Orig.
1606 1904 1745 1968 XII
1793 1906 1827 1968 1
1875 1908 1951 1968 ut
1994 1903 2190 1967 bovem
2237 1904 2497 1966 Latinos
2557 1903 2816 1965 trionem
2860 1921 3099 1966 vocasse

730 2010 1075 2092 probetur:

1313 2108 1600 2174 trionum
1646 2108 1753 2173 hic
1792 2110 2162 2173 moderator
2207 2108 2511 2173 rusticus

899 2214 1259 2277 Praeterea
1303 2210 1551 2293 legit-ur
1594 2211 1666 2275 in
1714 2211 1992 2292 Corpore
2045 2212 2238 2294 gloss.
2284 2210 2400 2276 lat.
2443 2210 2570 2277 vol.
2614 2210 2684 2275 H
2730 2229 2790 2291 p.
2834 2210 2977 2291 201,
3008 2210 3088 2275 51

732 2317 960 2378 triones
1002 2312 1168 2394 βόες.
1214 2310 1513 2396 ἀρχαίως.
1601 2313 1857 2394 Quibus
1902 2312 2295 2378 testimoniis
2341 2312 2511 2377 satis
2555 2314 2901 2394 probatum
2948 2329 3093 2377 esse

732 2421 891 2499 puto
924 2418 1287 2482 Varronem
1332 2434 1461 2480 non
1501 2414 1767 2480 finxisse
1815 2416 2202 2481 vocabulum
2242 2416 2377 2497 trie,
2423 2417 2540 2481 sed
2585 2434 2813 2481 veram
2845 2420 3098 2496 septem

733 2519 1020 2586 trionum
1051 2517 1407 2600 protulisse
1442 2518 1924 2600 etymologiam.
2014 2517 2132 2584 Cui
2176 2517 2377 2585 etiam
2424 2518 2797 2584 Martianus
2830 2516 3100 2599 Capella

729 2622 996 2705 plausit,
1048 2641 1192 2686 cum
1237 2622 1406 2687 VIII
1454 2622 1580 2687 808
1625 2640 1688 2687 v.
1732 2623 1772 2687 5
1819 2623 2069 2687 Booten
2113 2622 2485 2703 appellaret
2519 2626 2830 2702 pastorem
2873 2625 3098 2702 septem

732 2725 1082 2807 monumff)
1171 2724 1396 2804 Neque
1442 2730 1663 2789 tamen
1707 2725 1828 2789 has
1875 2729 2126 2806 septem
2170 2724 2418 2789 triones
2465 2742 2608 2789 cum
2639 2725 2936 2790 Varrone
2981 2743 3101 2806 pro

736 2826 1084 2892 arantibus
1131 2832 1250 2891 ant
1296 2845 1440 2891 cum
1487 2827 1820 2892 Martiano
1881 2846 1996 2909 pro
2042 2826 2467 2908 pascentibus
2513 2826 2850 2909 accipiam,
2908 2826 3100 2892 immo

734 2930 1041 2996 inclinem
1086 2929 1157 2995 in
1202 2929 1473 2994 tertiam
1522 2930 1851 3009 quandam
1896 2930 2310 3012 sententiam,
2370 2949 2564 3010 quam
2627 2929 2723 2995 sic
2782 2930 2995 2995 edixit
3039 2950 3102 2996 v.

738 3035 797 3100 d.
842 3032 1200 3097 Nitzsch
1245 3030 1315 3095 in
1361 3031 1899 3096 adnotationibus
1966 3035 2050 3097 ad
2096 3033 2366 3098 Homeri
2413 3033 2642 3115 Odyss.
2687 3032 2843 3098 libri
2889 3032 3104 3113 quinti

738 3154 1000 3202 versum
1038 3135 1163 3197 272
1211 3129 1366 3216 (ὀψὲ
1412 3130 1640 3196 δύοντα
1685 3134 2001 3219 Boeotum:
2061 3134 2184 3198 Die
2233 3135 2571 3198 rb‘mischen
2608 3134 2953 3199 Landleute
2998 3186 3011 3200 .
3042 3186 3057 3201 .
3090 3186 3104 3200 .

738 3236 1036 3316 verfielen,
1081 3235 1215 3297 weil
1259 3234 1376 3298 das
1421 3236 1876 3317 Bc‘irenyestirn
1918 3236 2048 3300 sich
2089 3239 2311 3300 immer
2347 3239 2435 3301 im
2480 3239 2705 3302 Kreise
2748 3236 2941 3321 dreht,
2986 3238 3112 3317 auf

740 3338 839 3403 die
894 3338 1283 3418 Vorstelluny
1321 3339 1490 3401 einer
1522 3339 1747 3417 Tenue,
1797 3341 1921 3419 auf
1957 3341 2209 3405 welcher
2251 3340 2382 3405 sich
2422 3341 2622 3404 sieben
2652 3340 3107 3405 Dresehochsen

740 3445 963 3522 septem
1011 3441 1238 3504 triones
1279 3440 1499 3503 umher
1556 3442 1850 3522 beweyten
1910 3442 2017 3524 (Il.
2061 3444 2198 3506 XX
2236 3447 2410 3524 495).
2513 3443 2700 3526 Quod
2760 3444 2814 3510 si
2875 3462 3105 3510 verum

742 3548 865 3624 est,
908 3543 1039 3608 trio
1084 3562 1212 3608 non
1260 3561 1300 3606 a
1347 3547 1531 3608 terra
1578 3545 1955 3628 deducatur,
2002 3546 2071 3611 id
2126 3548 2297 3626 quod
2341 3545 2554 3613 voluit
2598 3548 2826 3630 Varr0,
2888 3548 3005 3612 sed
3066 3566 3108 3611 a

744 3647 1037 3727 terendO,
1085 3648 1256 3726 quod
1294 3647 1494 3712 boves
1541 3645 1938 3713 frumentum
1984 3648 2261 3729 pedibus
2316 3653 2679 3714 conterunt.
2767 3648 2889 3714 Cui
2935 3648 3108 3716 veri-

743 3782 982 3851 perimus
1018 3782 1312 3836 Varronem
1354 3798 1473 3836 eam
1512 3782 1757 3837 hausisse
1796 3799 1863 3837 ex
1900 3784 2040 3838 Aelii
2077 3783 2299 3838 Stilonis
2336 3783 2592 3852 magistri
2628 3784 2949 3852 sententiis;
2986 3800 3109 3838 cum

745 3866 952 3921 Stilone
989 3873 1046 3921 et
1081 3868 1325 3921 Varrone
1362 3868 1573 3922 faciunt
1609 3868 1807 3924 Festus
1843 3886 1896 3937 p.
1933 3870 2034 3923 339
2052 3870 2123 3923 M.
2161 3874 2218 3923 et
2253 3870 2459 3924 Probus
2495 3871 2660 3939 Verg.
2699 3870 2893 3938 Georg.
2927 3871 2956 3923 I
2990 3869 3107 3938 227,

749 3952 844 4020 qui
901 3952 1035 4006 dicit
1081 3959 1290 4021 septem
1338 3953 1542 4007 triones
1592 3954 1892 4022 appellatos
1939 3969 2072 4024 esse,
2122 3955 2264 4022 quod
2312 3955 2387 4011 sit
2434 3955 2740 4024 plaustrum
2791 3962 3028 4010 tractum
3078 3971 3112 4009 a.

748 4037 923 4092 bubus
958 4038 1177 4092 iunctis,

928 4123 964 4190 ¹)
1003 4123 1277 4177 Audacius
1328 4124 1557 4179 fortasse
1596 4125 1787 4180 dicunt
1822 4125 1886 4180 G.
1925 4126 2220 4180 Corssen
2254 4127 2289 4180 1.
2327 4125 2363 4182 1.
2400 4143 2451 4194 p.
2487 4127 2589 4180 512
2627 4132 2682 4181 et
2718 4126 2965 4180 Thiele
3001 4126 3039 4180 l.
3073 4124 3112 4179 l.

749 4225 802 4278 p.
838 4209 872 4261 3
921 4214 977 4262 et
1012 4208 1246 4263 Graecos
1283 4210 1551 4277 quondam
1586 4211 1645 4265 in
1680 4211 1788 4279 hoc,
1816 4212 1991 4266 sidere
2028 4217 2232 4281 septem
2264 4213 2425 4267 boves
2451 4212 2807 4280 conspexisse,
2846 4211 2987 4280 quod
3024 4213 3114 4266 de-

752 4294 1043 4350 monstrari
1080 4295 1265 4349 Bootis
1301 4296 1514 4350 nomine
1551 4302 1765 4365 putant.
1840 4297 1943 4353 Sed
1979 4298 2025 4352 is
2060 4305 2247 4367 pastor
2283 4299 2453 4352 alium
2489 4314 2716 4368 gregem
2754 4297 3115 4353 custodivisse

751 4379 986 4448 videtur,
1024 4397 1075 4436 v.
1107 4396 1271 4449 supra
1305 4397 1356 4449 p.
1388 4381 1471 4436 55.
