3576 5085
661 366 789 431 216
1565 362 1872 418 Guilelmus
1907 363 2123 418 Gundel
2873 359 3055 447 [124

836 536 1019 600 Haec
1063 534 1279 616 opinio
1339 535 1420 600 de
1459 533 1671 600 stellis
1731 534 1999 599 deorum
2042 531 2363 598 ministris
2411 537 2609 597 aucta
2667 536 2770 597 est
2827 532 3042 598 etiam

664 638 840 704 inter
853 638 1198 718 Romanos,
1216 655 1358 703 cum
1376 636 1848 702 Chaldaeorum
1872 635 1922 721 ¹)
1947 636 2235 701 irrueret
2252 634 2630 718 astrologia.
2663 634 3048 700 Secundum

664 741 892 805 horum
939 741 1208 805 decreta
1253 739 1466 805 stellis
1510 740 1732 804 datum
1780 745 1944 819 erat,
1987 742 2062 803 ut
2090 736 2459 803 hominibus
2496 738 2762 818 deornm
2803 738 3052 803 volun·

663 848 875 908 tatem
917 841 1543 922 interpretarentur.
1630 839 1820 924 Quod
1851 842 2284 920 demonstrem
2314 838 2589 905 Diodori
2632 840 2875 913 verbis,
2919 840 3044 920 qui

665 945 737 1011 II
780 946 882 1026 30,
925 947 968 1010 4
1013 944 1210 1010 dicit:
1255 940 1346 1029 (οἱ
1388 942 1729 1028 πλανῆται)
1776 941 1854 1005 τὰ
1897 941 2208 1023 μέλλοντα
2252 944 2595 1025 γίγνεσθαι
2640 940 3055 1005 δεικνύουσιν

668 1043 1101 1133 ἑρμηνεύοντες
1141 1056 1278 1123 τοῖς
1321 1045 1701 1130 ἀνθρώποις
1737 1045 1850 1129 τὴν
1890 1056 2016 1107 τῶν
2050 1046 2230 1108 θεῶν
2273 1041 2525 1107 ἔννοιαν
2566 1050 2636 1110 et
2680 1043 2906 1127 pergit
2953 1046 3042 1110 de

666 1150 950 1234 triginta
1017 1150 1407 1230 quibusdam
1476 1149 1689 1214 stellis
1748 1167 1908 1229 quos
1969 1153 2212 1214 vocant
2268 1147 2468 1223 θεοὺς
2522 1145 2867 1228 βουλαίους
2925 1146 3058 1231 (6),

668 1252 783 1334 qui
822 1252 1001 1317 inter
1043 1271 1114 1317 se
1173 1252 1622 1317 commercium
1682 1270 1801 1332 per
1860 1250 2120 1316 stellam
2167 1250 2471 1316 nuntium
2533 1250 2788 1315 habent
2845 1248 3042 1332 (πέμ-

667 1355 920 1417 πεσθαι
964 1405 979 1420 .
1025 1405 1038 1418 .
1084 1404 1100 1419 .
1156 1355 1462 1435 καθάπερ
1525 1351 1877 1434 ἄγγελον
1929 1348 2037 1414 ἕνα
2094 1363 2221 1414 τῶν
2274 1351 2599 1436 ἀστέρων).
2700 1353 2845 1418 Eae
2891 1370 3042 1419 sen-

665 1455 923 1522 tentiae
968 1455 1039 1520 in
1083 1455 1226 1520 dies
1271 1455 1486 1538 magis
1531 1456 1905 1537 valuerunt,
1948 1456 2066 1520 ubi
2109 1455 2400 1521 Mithrae
2447 1461 2517 1521 et
2562 1454 3040 1521 Chaldaeorum

670 1562 934 1625 secreta
977 1558 1048 1624 in
1079 1557 1315 1639 volgus
1362 1558 1666 1623 exierunt
1710 1557 1810 1641 (F.
1858 1556 2205 1623 Cumont
2251 1558 2498 1623 Mithra
2529 1559 2564 1622 I
2608 1576 2758 1640 pag.
2803 1556 3051 1643 309),²)

670 1666 744 1727 at
789 1660 1189 1727 Christianis
1233 1660 1467 1726 stellae
1513 1658 1772 1744 ἄγγελοι
1826 1665 1981 1725 sunt
2025 1659 2430 1726 carminibus
2473 1659 2795 1743 hymnicis
2840 1662 3042 1725 deum

673 1767 1023 1831 adorantes
1055 1763 1243 1844 eique
1288 1763 1657 1832 servientes
1701 1763 1804 1848 (F.
1835 1763 2094 1844 Piper
2124 1762 2164 1828 l.
2196 1781 2247 1828 c.
2277 1782 2429 1846 pag.
2461 1762 2605 1844 205,
2650 1762 3052 1829 Riccioli

670 1867 785 1933 1.1.
828 1885 980 1949 pag.
1025 1866 1201 1952 293).

845 1968 973 2035 Sed
1016 1988 1145 2034 non
1183 1968 1389 2034 solum
1419 1967 1578 2051 deis„
1622 1987 1850 2036 verum
1881 1969 2081 2034 etiam
2112 1967 2326 2050 magis
2357 1967 2576 2033 sidera
2605 1966 3049 2053 oboediunt.⁸)

673 2071 816 2137 Hoc
860 2071 1089 2136 mirum
1119 2089 1247 2144 non
1278 2075 1396 2151 est,
1426 2089 1579 2135 nam
1610 2075 1756 2136 arte
1793 2090 1915 2136 sua
1945 2088 2174 2151 magus
2200 2069 2489 2135 numinis
2518 2069 2730 2134 locum
2761 2075 3044 2151 occupat

675 2178 1125 2254 secretamque
1169 2174 1495 2253 quandam
1541 2173 1786 2254 accipit
1826 2177 2243 2255 potestatem,
2305 2172 2411 2237 cui
2470 2171 2688 2238 omnia
2732 2173 3050 2238 subiecta.

674 2280 831 2341 sunt
870 2280 939 2340 et
982 2274 1305 2356 parentia.
1392 2275 1485 2340 Et
1529 2276 1747 2340 sidera
1807 2293 2061 2356 quoque
2107 2274 2176 2340 in
2222 2274 2656 2340 maleficorum
2699 2277 3048 2356 potestate

676 2397 820 2443 esse
853 2397 895 2442 a
925 2377 1197 2443 Graecis
1227 2381 1514 2443 tractum
1545 2382 1675 2442 est:
1706 2396 1859 2443 nam
1884 2378 2246 2443 Thessalae
2276 2376 2417 2443 fere
2448 2396 2702 2458 semper
2729 2377 3047 2443 mulieres

677 2485 833 2547 sunt
875 2499 1043 2561 quae
1101 2483 1302 2546 cantu
1346 2498 1461 2546 suo
1515 2480 1737 2548 lunam
1798 2485 1868 2547 et
1927 2481 2149 2547 sidera
2211 2482 2296 2546 ad
2354 2484 2599 2547 terram
2661 2481 3049 2547 detrahunt.

677 2583 818 2649 Hoc
849 2583 942 2667 fit,
971 2588 1048 2649 ut
1078 2588 1263 2649 astra
1292 2583 1453 2665 ipsis
1483 2584 1871 2668 inserviant,
1902 2586 2016 2650 sed
2049 2603 2235 2665 quem
2262 2586 2344 2650 ad
2370 2586 2621 2649 modum
2646 2583 3052 2668 ministrent,

677 2705 998 2769 nusquam
1028 2691 1376 2753 narratur:
1421 2687 1719 2770 plerique
1758 2693 2099 2769 poetarum
2125 2687 2418 2752 contenti
2449 2691 2622 2769 sunt,
2652 2706 2795 2753 cum
2820 2686 3056 2752 sidera.

676 2789 980 2872 paruisse
1024 2790 1297 2863 Medeae
1343 2790 1739 2856 carminibus
1783 2790 2109 2855 dixerunt.
2213 2789 2362 2872 Qua
2422 2791 2502 2854 de
2547 2808 2619 2854 re
2665 2793 2734 2854 te
2778 2788 3044 2854 mittam

677 2893 762 2958 ad
793 2893 874 2958 H.
907 2893 1008 2959 W.
1041 2892 1456 2958 Roscheri
1500 2892 1739 2957 librum
1780 2892 2044 2974 saepius
2074 2892 2418 2958 laudatum
2474 2874 2634 2956 &ber
2666 2890 2878 2954 Selene
2907 2891 3056 2955 und

690 2994 1087 3058 Verwandtes
1130 3013 1278 3076 pag.
1325 2993 1409 3059 85
1426 3012 1582 3074 sqq„
1630 2992 1744 3074 qui
1788 2994 2227 3059 Romanorum
2274 2992 2655 3060 testimonia
2700 2997 3045 3058 enumerat

682 3102 750 3163 et
805 3102 1108 3163 recenset
1164 3116 1314 3178 pag.
1374 3097 1457 3162 88
1526 3098 1671 3161 adn.
1730 3098 1877 3163 346.
1991 3097 2218 3162 Pauca
2275 3094 2668 3177 repetivisse
2734 3095 3051 3161 sufficiet.

679 3199 973 3264 Primum
998 3204 1076 3264 ut
1098 3198 1377 3264 audiant
1396 3197 1446 3283 41’)
1471 3199 1778 3280 precibus
1799 3200 2125 3264 adeuntur
2146 3197 2383 3281 sidera,
2408 3199 2524 3265 Ov.
2549 3199 2706 3264 Met.
2731 3198 2861 3263 VII
2887 3199 3011 3263 192
3029 3221 3051 3263 t

681 3336 868 3391 stellae
916 3335 1205 3390 cuiusdam
1252 3352 1366 3389 non
1411 3334 1628 3389 morbos
1673 3337 1977 3403 mortesque
2024 3333 2411 3398 denuntiatae,
2458 3334 2551 3389 secl
2596 3333 2910 3388 descensum
2957 3333 3058 3388 dei

680 3421 1011 3476 venerabil-is
1045 3420 1122 3492 ad
1156 3421 1433 3475 humanae
1469 3421 1898 3475 conservationis
1931 3437 2220 3488 rerumque
2256 3419 2579 3474 mortalium
2609 3419 2871 3489 qratiam.

858 3507 898 3575 ¹)
922 3507 1140 3562 Iudaeis
1160 3508 1367 3561 caelum
1382 3507 1662 3560 stellatum
1682 3505 2011 3574 scripturam
2030 3506 2226 3560 summi
2246 3507 2334 3561 dei
2353 3506 2661 3577 exhibebat,
2687 3507 2787 3561 Ph.
2808 3507 2861 3560 H
2874 3523 2907 3561 a
2920 3523 2985 3561 rs
2999 3522 3054 3560 s·

683 3592 956 3647 dorffer
989 3593 1024 3646 l.
1061 3593 1097 3646 l.
1133 3608 1260 3660 pag.
1297 3591 1520 3659 278sq.;
1569 3591 1858 3658 Babylonii
1896 3591 2099 3647 similia
2134 3592 2470 3662 cogitabant,
2517 3593 2554 3647 J
2568 3608 2777 3647 ensen
2812 3592 3053 3646 Kosmo-

685 3677 820 3749 loyie
855 3677 953 3732 der
986 3676 1328 3746 Babylonier
1367 3693 1494 3746 pag.
1532 3678 1616 3730 45.

858 3762 901 3832 ²)
939 3764 1021 3818 De
1056 3769 1339 3832 poetarum
1362 3762 1492 3817 locis
1517 3763 1622 3816 huc
1646 3762 2019 3831 spectantibus
2053 3764 2215 3832 plura
2238 3761 2431 3818 afferre
2466 3762 2763 3831 supersedi,
2801 3779 2853 3817 v.
2878 3762 3055 3817 Mani·

683 3850 821 3904 lium
853 3848 1073 3918 passim,
1122 3850 1282 3917 Prop.
1318 3849 1407 3904 III
1441 3850 1526 3916 23,
1561 3849 1623 3918 43
1672 3848 1829 3903 Ovid.
1866 3849 2034 3903 Trist.
2080 3849 2133 3904 V
2171 3848 2251 3911 10,
2288 3848 2372 3917 45,
2407 3848 2488 3902 Ib.
2526 3847 2650 3916 2163
2701 3848 2831 3903 Hor.
2886 3847 3052 3917 epist.

683 3935 742 3989 11
777 3935 826 4003 2,
867 3933 991 4003 1873
1030 3934 1250 3989 Anthol.
1286 3935 1384 3989 lat.
1421 3935 1504 3988 ed.
1539 3934 1990 3988 Biichcler-Riese
2025 3934 2055 3986 I
2089 3950 2216 4003 pag.
2255 3933 2356 3987 274
2390 3950 2444 3988 n.
2479 3933 2584 3987 345
2620 3950 2672 3987 v.
2710 3934 2758 3986 2.

861 4018 903 4088 ⁸)
939 4019 1105 4073 Medii
1142 4019 1264 4074 aevi
1313 4019 1407 4087 qui
1442 4020 1668 4074 fuerunt
1711 4019 1956 4072 homines
2004 4019 2179 4073 eidem
2228 4019 2604 4087 superstitioni
2655 4018 2827 4073 dediti
2873 4024 3052 4074 erant.

685 4105 971 4160 Librorum
1006 4104 1112 4159 huc
1153 4104 1519 4172 spectantium
1554 4104 2114 4173 significantissimum
2162 4104 2380 4158 nomino
2417 4105 2718 4159 Arbatel
2765 4103 2829 4157 de
2864 4103 3054 4174 mayia

687 4193 926 4245 veterum
961 4189 1187 4243 Franks.
1229 4189 1376 4244 1686.

858 4275 901 4344 ⁴)
939 4275 1138 4330 Stellas
1174 4274 1362 4329 audire
1397 4275 1670 4343 putabant
1703 4274 1746 4329 ii
1782 4291 2009 4344 quoque,
2048 4274 2142 4343 qui
2188 4291 2285 4344 per
2321 4282 2474 4329 astra
2508 4274 2783 4330 iurabant.
2852 4276 3056 4330 Exem-

684 4362 838 4430 plum
874 4376 1044 4415 unum
1081 4359 1336 4416 attulisse
1373 4360 1508 4415 satis
1542 4360 1633 4429 sit,
1667 4361 1831 4416 Mart.
1865 4362 1947 4415 IX
1982 4362 2065 4431 22,
2104 4361 2171 4415 15
2205 4376 2435 4430 superos
2472 4376 2537 4415 ae
2571 4359 2760 4414 sidera
2798 4363 2980 4416 testor.
