3576 5085
512 418 666 505 145]
961 419 1043 472 De
1078 418 1363 473 stellarum
1397 416 1763 485 appellatione
1800 425 1857 472 et
1892 416 2157 486 religione
2191 418 2436 473 Romana
2744 420 2872 486 237

513 590 806 655 exitium.
893 586 1470 670 splendidissimus
1514 587 1856 668 aequalem
1888 588 2266 669 perditurus
2299 588 2476 672 est.¹)
2564 587 2750 655 Dicit
2795 591 2876 656 de

513 699 764 759 cometa
809 692 1081 756 Tacitus
1129 708 1279 756 ann.
1318 689 1485 755 XIV
1529 690 1647 755 22:
1705 697 1762 753 et
1797 690 1979 754 sidus
2021 696 2277 755 cometes
2319 691 2571 774 effulsit,
2625 691 2700 755 de
2757 711 2878 775 quo

509 796 682 875 vulyi
739 795 947 875 opinio
1005 799 1093 857 est
1151 799 1473 876 tamquam
1532 794 1931 856 mutationem
1995 795 2161 876 reyis
2207 794 2562 877 portendat.
2663 792 2877 875 Iyitur

510 899 692 981 quasi
767 898 898 960 iam
965 894 1219 975 depulso
1283 893 1542 958 Nerone
1629 897 1923 978 quisnam
1996 895 2369 978 deliyeretur
2444 895 2877 979 anquirebant.

509 1000 737 1065 Talem
811 1000 1286 1080 astrologorum
1359 998 1722 1063 doctrinam
1798 998 1970 1063 idem
2029 998 2203 1064 Nero
2262 998 2613 1065 adiuverat
2626 1047 2645 1081 ,
2720 999 2877 1065 Tac.

510 1121 661 1167 ann.
711 1101 842 1167 XV
893 1102 977 1165 47
1051 1100 1228 1163 sidus
1302 1105 1553 1164 cometes
1625 1102 1936 1184 sanquine
2006 1100 2265 1164 inlustri
2333 1120 2575 1183 semper
2630 1099 2877 1164 Neroni

511 1206 858 1285 eoepiatum3
927 1202 1170 1268 similia
1237 1202 1588 1268 Suetonius
1654 1203 1896 1284 refert,
1978 1203 2148 1269 Nero
2221 1222 2358 1285 cap.
2425 1205 2526 1269 36.
2636 1203 2874 1284 Itaque

506 1311 757 1389 poetae,
816 1306 930 1372 ubi
983 1323 1363 1388 magnorum
1425 1305 1644 1370 exitus
1709 1324 1946 1370 canere
1990 1305 2346 1388 incipiunt,
2409 1305 2612 1372 ordiri
2668 1326 2709 1372 a
2770 1325 2873 1372 co-

509 1409 706 1474 metis
764 1408 980 1474 solent
1040 1412 1158 1473 aut
1215 1427 1404 1490 sane,
1465 1406 1613 1472 ubi·
1655 1411 1942 1473 cometas
2003 1414 2542 1485 commemorant,
2612 1412 2876 1490 sceptra

507 1530 629 1593 per
659 1530 767 1577 eos
797 1511 1041 1576 mutari
1070 1515 1394 1576 asserunt.
1483 1510 1888 1591 Subiungam
1917 1512 2092 1575 locos
2122 1510 2580 1592 gravissimos:
2625 1511 2874 1577 Lucan.

510 1615 544 1680 I
588 1615 715 1680 529
760 1615 945 1678 terris
989 1619 1326 1677 mutantem
1351 1633 1568 1694 reyna
1612 1618 1927 1693 cometem3
1988 1613 2157 1680 Stat.
2203 1614 2408 1679 Theb.
2453 1614 2488 1678 I
2535 1615 2658 1679 708
2719 1634 2876 1697 quae

509 1722 745 1780 mutent
802 1723 1044 1799 sceptra
1097 1721 1382 1797 cometae3
1459 1715 1574 1781 Sil.
1634 1716 1785 1781 Ital.
1845 1715 2014 1780 VIII
2060 1717 2183 1780 637
2247 1736 2581 1799 reqnorum
2641 1736 2876 1794 eversor

507 1820 723 1882 rubuit
810 1819 982 1882 letale
1061 1825 1327 1882 cometes.
1460 1816 1758 1910 Exitium
1850 1817 2175 1883 afferebat
2258 1822 2510 1884 cometa
2600 1817 2872 1884 Claudio

508 1921 795 2006 (Sueton.
842 1920 1068 1985 Claud.
1114 1921 1260 2002 46),
1323 1920 1475 1985 Tito
1521 1919 1721 2004 (Plin.
1762 1920 1914 1984 Nat.
1962 1919 2113 1985 hist.
2149 1920 2220 1984 II
2265 1920 2391 2004 89),
2426 1920 2873 2003 ·Vespasian0,

508 2023 621 2105 qui
678 2023 821 2105 ipse
879 2022 1001 2087 hoc
1059 2041 1246 2088 omen
1301 2022 1658 2087 moriturus
1716 2021 2073 2088 irridebat:
2141 2022 2356 2088 tradit
2417 2023 2587 2088 enim
2648 2022 2874 2088 Aurel.

507 2126 755 2193 Victor.
802 2125 1086 2207 Epitom.
1131 2144 1270 2206 cap.
1309 2126 1381 2190 9:
1429 2126 1654 2208 quippe
1688 2127 1892 2205 primo
1936 2145 2077 2188 eum
2122 2127 2419 2189 crinitum
2461 2126 2639 2189 sidus
2679 2146 2873 2208 appa-

504 2230 742 2310 ruisset,
785 2226 987 2309 Istud,
1029 2230 1267 2310 inquit,
1325 2227 1410 2291 ad
1468 2248 1666 2308 reyem
1713 2226 2057 2291 Persarum
2112 2229 2390 2310 pertinet,
2449 2229 2554 2291 eui
2610 2228 2877 2309 capillus

504 2331 837 2414 effusior.²)
925 2331 1065 2395 Iam
1110 2348 1237 2395 non
1285 2330 1494 2395 solum
1539 2330 1810 2412 regibus
1863 2332 1978 2395 sed
2025 2328 2224 2395 etiam
2268 2330 2419 2396 aliis
2465 2330 2632 2397 viris
2684 2350 2874 2411 prae-

506 2432 886 2499 clarissimis
931 2439 1184 2498 cometa
1243 2438 1514 2498 mortem
1576 2435 2020 2515 portendebat
2079 2435 2264 2499 velut
2322 2434 2665 2515 Agrippae
2724 2432 2874 2518 (Dio

506 2536 682 2603 Cass.
728 2536 953 2602 XLIV
1010 2537 1111 2620 29,
1172 2535 1254 2621 8).
1359 2535 1722 2602 Christiani
1782 2542 2070 2602 cometas
2127 2536 2409 2602 Neronis
2467 2536 2875 2618 temporibus

506 2647 681 2705 ortos
727 2641 811 2705 ad
855 2644 1129 2704 mortem
1177 2638 1401 2705 Iacobi
1445 2645 1515 2704 et
1554 2639 1770 2703 Marci
1821 2639 2311 2720 Evangelistae
2355 2639 2758 2722 referebant,
2812 2658 2873 2705 v.

504 2740 884 2806 testimonia
932 2741 1173 2806 collata
1216 2761 1256 2806 a
1289 2743 1373 2806 M.
1420 2741 1485 2806 C.
1531 2760 1690 2807 von
1739 2742 1886 2806 der
1931 2742 2154 2823 Lage
2199 2740 2646 2805 Himmliseher
2674 2741 2872 2804 Buss-

504 2842 814 2924 Prediyer
853 2842 1151 2908 Weimar
1197 2845 1363 2909 1665
1407 2863 1558 2925 pag.
1604 2842 1729 2928 C.²³)

677 2964 953 3028 Praeter
996 2964 1117 3026 has
1172 2982 1412 3044 graves
1458 2964 1873 3029 calamitates
1912 2964 2153 3029 famem
2201 2967 2269 3028 et
2313 2966 2566 3045 pestem
2611 2961 2872 3044 populis

506 3066 844 3131 minantur
894 3067 1248 3130 secundum
1295 3066 1616 3132 Isidorum
1671 3065 1835 3148 orig.
1895 3066 2002 3131 III
2048 3067 2148 3149 70,
2210 3066 2310 3148 10,
2369 3065 2676 3131 Servium
2729 3065 2770 3130 l.
2814 3064 2873 3149 1.,

505 3172 938 3249 tempestates
1007 3171 1077 3232 et
1134 3168 1379 3233 imbres
1439 3170 1792 3234 secundum
1840 3169 2154 3234 Senecam
2214 3169 2366 3234 Nat.
2429 3172 2683 3249 quaest.
2739 3167 2873 3233 VII

506 3271 607 3353 28,
641 3271 675 3334 1
696 3288 805 3352 sq.,
837 3269 1268 3335 Claudianum
1294 3270 1571 3335 XXXII
1596 3272 1739 3335 234.
1785 3272 1933 3336 Hae
1964 3290 2120 3337 vero
2150 3270 2566 3352 tempestatis
2588 3269 2873 3335 iniuriae

507 3391 638 3438 non
684 3372 1120 3439 absolvuntur
1163 3373 1397 3453 paucis
1453 3373 1704 3454 diebuS,
1765 3376 1882 3437 sed
1939 3378 2123 3438 totus
2180 3391 2391 3438 annus
2437 3379 2691 3438 cometa
2728 3371 2873 3438 viso

680 3542 720 3611 ¹)
755 3542 872 3597 Hoc
908 3542 1031 3596 aliis
1068 3557 1281 3610 quoque
1309 3540 1524 3610 populis
1548 3557 1868 3609 persuasum
1906 3540 2030 3611 fuit,
2068 3558 2120 3596 v.
2145 3540 2604 3610 Shakespearium
2640 3542 2707 3595 de
2730 3541 2872 3597 Iulio

505 3628 763 3683 Caesare:
800 3628 1069 3683 Kometen
1115 3628 1369 3681 scheinen
1415 3626 1584 3695 nicht,
1637 3643 1797 3680 wenn
1831 3627 2046 3680 Bettler
2080 3626 2322 3695 sterben3
2372 3629 2423 3682 J.
2474 3627 2728 3681 Grimm
2762 3627 2798 3681 l.
2836 3627 2871 3682 1.

503 3713 561 3766 11
594 3714 725 3780 602;
761 3714 813 3767 J.
851 3714 914 3768 G.
952 3714 1211 3768 Miiller
1246 3714 1282 3767 l.
1319 3713 1354 3767 1.
1392 3730 1518 3782 pag.
1555 3713 1675 3766 364.

580 3806 612 3828 ·
683 3798 725 3868 ²)
761 3799 900 3852 Vide
936 3799 1103 3853 etiam
1140 3800 1242 3853 Dio
1279 3799 1428 3853 Cass.
1453 3799 1635 3853 LXVI
1674 3799 1753 3851 17.

682 3882 722 3952 ³)
741 3882 955 3937 Saeculi
968 3884 1379 3950 septimidecimi
1396 3883 1687 3951 scriptores
1703 3882 2031 3951 diligentius
2047 3883 2225 3937 multa
2246 3882 2493 3950 exempla
2510 3883 2875 3951 contulerunt,

505 3968 700 4036 quibus
736 3971 945 4021 cometa
981 3968 1139 4034 quasi
1174 3969 1268 4022 fax
1315 3972 1537 4023 funesta
1572 3968 1933 4023 antecedebat
1970 3967 2192 4036 regibus
2227 3967 2459 4034 aliisque
2507 3968 2746 4037 egregiis
2780 3969 2873 4022 ho-

502 4054 740 4108 minibus
774 4053 1070 4108 morituris.
1141 4054 1228 4107 Sic
1252 4054 1599 4109 indicabatur
1621 4054 1806 4108 exitus
1833 4054 1984 4108 vitae
2021 4054 2184 4108 stella
2218 4052 2418 4107 crinita
2441 4053 2630 4108 Carolo
2655 4054 2870 4122 Magno,

504 4139 736 4194 Hem-ico
773 4139 822 4193 V
857 4139 1176 4207 imperatori
1212 4139 1551 4208 Germaniae,
1594 4140 1814 4193 Urbano
1861 4138 2128 4207 Pontifici,
2175 4139 2472 4193 Benedicto
2496 4139 2578 4191 XI
2602 4138 2870 4207 Pontifici,

502 4226 778 4280 Ludovico
812 4224 1132 4293 imperatori
1179 4225 1519 4293 Germaniae,
1567 4225 1887 4279 Innocentio
1923 4226 2002 4280 VI
2042 4224 2309 4294 Pontifici,
2348 4224 2539 4278 Carolo
2564 4225 2630 4291 V,
2679 4239 2731 4277 v.
2769 4223 2870 4277 Ca-

502 4327 722 4379 sparum
758 4311 1180 4366 Dauthende
1192 4328 1229 4378 y
1264 4310 1400 4364 Idea
1435 4314 1769 4364 cometarum
1805 4326 1973 4378 nova,
2025 4310 2261 4365 Erfurdt
2298 4309 2460 4378 1618,
2497 4325 2623 4378 pag.
2661 4308 2710 4361 D
2735 4324 2869 4377 sqq„

500 4396 566 4450 Ε.
603 4396 879 4465 Weigel
916 4395 1145 4465 Specim.
1183 4396 1400 4452 uranol.
1437 4413 1560 4466 pag.
1596 4397 1629 4451 b
1655 4412 1788 4463 sqq„
1825 4396 2189 4450 Roslinum
2227 4395 2263 4450 l.
2294 4396 2329 4450 l.
2357 4412 2473 4463 cap.
2511 4395 2608 4449 IV.

604 4496 1234 4552 Religionsgeschichtliche
1261 4497 1504 4543 Versuche
1531 4508 1578 4540 u.
1606 4496 1930 4541 Vorarbeiten
1956 4497 2041 4541 111.
2495 4480 2559 4532 16
