3576 5085
547 428 697 510 153]
988 428 1072 482 De
1107 427 1392 482 stellarum
1428 425 1793 494 appellatione
1828 431 1887 481 et
1920 425 2186 496 religione
2219 427 2466 482 Romana
2780 426 2907 493 245

543 617 684 661 mae
737 600 807 661 in
858 600 1156 679 propriae
1210 596 1701 661 immortalitatis
1750 596 1954 660 sedem
2013 602 2071 660 et
2125 599 2198 660 in
2263 597 2512 661 deorum
2574 618 2908 663 numerum

543 707 953 766 revertuntur.

711 802 970 868 Nititur
1024 801 1240 884 igitur
1300 803 1465 868 haec
1532 803 1725 868 docta
1791 800 2116 867 Macrobii
2190 802 2511 883 expositio
2585 802 2906 886 religione

545 907 826 986 quadam
900 905 1205 987 populari
1263 907 1437 986 apud
1508 905 1862 986 plerasque
1927 904 2231 970 nationes
2289 909 2591 987 reperta:
2613 906 2666 989 1)
2733 906 2905 973 viam

540 1009 820 1074 lacteam
868 1008 1045 1075 viam
1089 1007 1454 1073 animarum
1497 1007 1872 1074 mortalium
1925 1026 2088 1073 esse.
2177 1008 2367 1073 Hanc
2410 1012 2678 1089 praeter
2720 1008 2906 1074 illum

544 1110 660 1176 alii
700 1129 957 1192 quoque
1001 1128 1328 1192 recepere,
1373 1129 1433 1177 v.
1478 1129 1532 1175 c.
1577 1110 1892 1175 Manilius
1939 1111 1974 1175 I
2022 1109 2164 1176 758.
2266 1110 2663 1177 Exscribere
2720 1111 2908 1177 lubet

545 1230 776 1279 versus
820 1212 1088 1279 Paulini
1133 1212 1372 1279 Nolani
1417 1232 1516 1294 ep.
1560 1212 1621 1277 V
1665 1214 1748 1278 37
1766 1232 1936 1295 sqq.:

849 1316 1067 1397 pande
1111 1314 1304 1398 viam,
1344 1335 1473 1396 qua
1513 1334 1617 1381 me
1663 1319 1812 1396 post
1852 1316 2122 1381 vincula
2167 1316 2460 1397 corporis
2514 1316 2702 1400 aegri

847 1418 1243 1506 inwsublime
1284 1417 1479 1501 ferat,
1524 1413 1852 1500 parit—qua
1893 1418 2115 1484 lactea
2158 1418 2329 1485 caeli

849 1521 1087 1587 semita
1129 1525 1449 1588 ventosae
1493 1525 1766 1601 superat
1810 1539 1986 1603 vaga
2029 1520 2262 1587 nubila
2304 1522 2519 1605 lunae,

848 1642 979 1705 qua
1023 1642 1328 1706 proceres
1375 1623 1598 1690 abiere
1641 1622 1736 1705 pii
1781 1642 2041 1704 quaque
2086 1623 2350 1706 integer
2394 1624 2549 1689 olim

847 1731 1087 1807 raptus
1133 1726 1526 1808 quadriiugo
1571 1729 1887 1807 penetrat
1930 1744 2129 1806 super
2175 1745 2336 1792 aera
2380 1745 2576 1792 curru

847 1828 1038 1895 Elias
1087 1835 1156 1893 et
1201 1828 1406 1894 solido
1452 1847 1598 1893 cum
1645 1846 1914 1909 corpore
1956 1828 2272 1910 praevius
2317 1828 2564 1894 Enoch.

713 1931 807 1996 Et
869 1929 1175 1996 similiter
1248 1930 1492 1996 dicitur
1551 1930 1621 1996 in
1680 1930 1972 1997 carmine
2029 1931 2236 1997 latino
2295 1929 2719 2013 epigraphico
2782 1930 2908 1997 740

542 2032 963 2099 Buecheleri:
1008 2034 1380 2114 astriyeram
1409 2034 1653 2097 scandit
1693 2034 1866 2097 alma
1901 2035 2088 2116 viam,
2134 2038 2203 2099 et
2233 2052 2274 2098 a
2304 2033 2665 2099 Dracontio
2711 2052 2909 2099 carm.

542 2133 793 2217 profan.
839 2136 900 2202 V
942 2137 1098 2202 325:
1144 2136 1449 2200 scandens
1494 2156 1620 2220 qua
1658 2136 1889 2200 lacteus
1931 2137 2076 2200 axis
2113 2134 2123 2221 Ι
2161 2137 2438 2218 vertitur,
2481 2135 2737 2200 aetherii
2780 2156 2907 2219 qua

542 2238 762 2303 candet
805 2238 1080 2302 circulus
1122 2239 1302 2304 orbis.

713 2340 960 2407 Similis
1027 2344 1355 2422 quaedam
1429 2340 1645 2423 opinio
1724 2360 1868 2408 cum
1936 2360 2160 2407 omnes
2226 2341 2458 2407 stellas
2523 2360 2640 2423 pro
2707 2359 2739 2406 s
2758 2343 2908 2409 ede

540 2449 941 2510 mortuorum
983 2446 1279 2522 habebat
1323 2444 1502 2529 (vide
1547 2464 1747 2528 supra
1791 2464 1937 2527 pag.
1986 2444 2135 2528 137)
2195 2449 2337 2510 tum
2381 2444 2561 2511 viam
2604 2444 2907 2512 lacteam.

539 2547 732 2614 Hanc
783 2548 1191 2631 Pythagorei
1250 2567 1287 2614 e
1331 2550 1568 2630 populo
1628 2547 2097 2633 receperunt,2)
2152 2548 2735 2630 Pythagoreosque
2779 2547 2906 2614 Ro-

538 2650 715 2716 mani
767 2668 1022 2731 quoque
1068 2655 1224 2715 sunt
1267 2651 1499 2716 secuti.
1600 2651 1682 2714 In
1741 2649 2034 2731 galaxia‘
2058 2650 2290 2716 heroes
2343 2650 2750 2717 habitabant
2807 2670 2906 2717 se-

541 2754 819 2817 cundum
888 2750 1262 2817 Ciceronem
1330 2754 1412 2818 de
1479 2771 1617 2834 rep.
1681 2752 1780 2817 VI
1840 2754 1921 2819 15
1989 2756 2058 2817 et
2124 2751 2266 2817 eius
2335 2757 2908 2819 commentatorem

542 2852 948 2920 Macrobium
1006 2854 1043 2919 I
1091 2854 1202 2935 12,
1264 2854 1498 2935 quibus
1544 2854 1859 2920 Manilius
1921 2854 2178 2920 accedit
2237 2856 2271 2919 l
2331 2856 2456 2920 758
2474 2873 2641 2936 sqq.;
2695 2873 2908 2936 neque

539 2956 692 3022 huic
735 2955 1027 3038 opinioni
1071 2958 1258 3022 deest
1301 2957 1747 3042 testimonium
1797 2957 1866 3022 in
1912 2956 2109 3023 titulo
2154 2962 2509 3040 servatum,
2555 2977 2751 3023 carm.
2792 2959 2908 3023 lat.

544 3058 750 3142 epigr.
798 3060 982 3142 1438,
1028 3061 1141 3124 17:

849 3164 1004 3227 sede
1046 3162 1391 3228 beatorum
1427 3161 1667 3244 recipit
1711 3167 1783 3228 te
1827 3162 2081 3228 lacteus
2126 3161 2377 3245 orbis.⁸)

712 3265 996 3330 Praeter
1039 3266 1162 3331 has
1207 3265 1575 3332 sententias
1632 3264 1980 3347 religiosas
2033 3265 2529 3346 superstitiosas
2573 3264 2908 3348 mysticaS‚

543 3385 817 3448 quarum
861 3366 1213 3448 plerasque
1256 3367 1499 3434 Graeci
1542 3367 1896 3449 populares
1939 3367 2353 3451 invenerunt,
2404 3367 2683 3433 Romani
2726 3386 2905 3433 rece-

540 3473 815 3553 perunt,
866 3473 1103 3551 poetae
1156 3473 1226 3536 et
1285 3469 1650 3553 philosophi
1711 3475 2137 3550 utrorumque
2197 3476 2555 3552 auxerunt,
2615 3474 2684 3536 et
2738 3487 2904 3536 vera

715 3639 756 3709 ¹)
791 3640 1183 3695 Frobenius
1219 3640 1256 3694 1.
1292 3640 1329 3694 1.
1365 3657 1494 3709 pag.
1530 3640 1660 3709 317;
1696 3641 1763 3694 A.
1801 3641 2004 3695 Kuhn
2040 3641 2076 3694 l.
2112 3640 2148 3694 1.
2195 3604 2325 3709 pag.
2361 3639 2478 3710 239,
2514 3640 2645 3710 311;
2694 3641 2908 3696 Kohl-

530 3720 576 3778 'b
591 3727 714 3779 ach
748 3727 784 3779 l.
821 3727 857 3781 l.
906 3744 1033 3796 pag.
1081 3727 1184 3780 343
1197 3748 1211 3795 ;
1260 3727 1560 3781 Drexler
1595 3727 1631 3780 1.
1668 3727 1733 3796 l.;
1781 3726 2110 3794 Zeitschrift
2140 3723 2243 3793 fiir
2278 3725 2513 3796 Mythol.
2548 3726 2666 3780 und
2701 3726 2907 3781 Sitten-

543 3808 721 3863 kwnde
755 3812 784 3864 I
819 3827 946 3879 pag.
987 3812 1213 3880 162sqq.
2427 3873 2431 3878 ,

717 3894 757 3966 ²)
796 3912 846 3950 v.
883 3897 947 3950 E.
984 3897 1219 3952 Rohde
1255 3897 1466 3967 Psyche
1483 3898 1504 3930 ³
1526 3914 1656 3967 pag.
1679 3897 1764 3966 95,
1792 3897 1894 3951 213
1929 3898 2053 3952 adn.
2079 3897 2129 3951 2.
2153 3928 2223 3936 —-
2248 3898 2679 3965 Composuerunt
2701 3897 2907 3964 Pytha-

541 3979 697 4050 gorei
730 3981 890 4035 lactis
926 3981 1267 4051 alimonium,
1315 3984 1456 4050 quod
1492 3979 1728 4051 primum
1764 3982 2086 4037 mortalibus
2121 3982 2362 4051 offertur,
2412 3998 2534 4038 cum
2570 3983 2696 4037 orbe
2731 3982 2906 4037 lacteo

545 4071 712 4134 atque
747 4066 928 4122 offerri
961 4067 1019 4121 id
1053 4068 1466 4137 contenderunt,
1516 4068 1649 4136 quia
1686 4069 1913 4138 primus
1949 4068 2029 4122 eis
2063 4068 2158 4138 (sc.
2183 4068 2410 4139 animis)
2445 4071 2628 4122 motus
2662 4084 2699 4120 a
2735 4066 2907 4121 lacteo

543 4150 744 4220 incipit
775 4151 840 4206 in
875 4168 1106 4221 corpora
1143 4155 1362 4207 terrena
1399 4153 1718 4225 labentibuS,
1758 4172 1811 4210 v.
1848 4154 2081 4210 Macrob.
2118 4154 2156 4207 1.
2192 4154 2230 4209 1.

717 4236 757 4306 8)
792 4238 1024 4292 Easdem
1073 4238 1303 4293 aliorum
1349 4240 1670 4308 populorum
1729 4240 2092 4310 cogitationes
2151 4239 2493 4308 collegerunt
2551 4240 2597 4293 F
2616 4238 2907 4309 orbiger

539 4322 718 4377 Math.
762 4323 955 4392 Geoyr.
991 4340 1120 4394 pag.
1155 4323 1286 4394 5063
1322 4325 1375 4381 J.
1413 4325 1671 4380 Grimm
1706 4326 1743 4381 l.
1779 4326 1817 4381 l.
1852 4327 2096 4395 1111063
2134 4327 2186 4381 J.
2212 4326 2275 4380 G.
2299 4325 2553 4380 Miiller
2586 4324 2903 4378 Amerikan.

549 4407 860 4480 Urreliyion
893 4426 1022 4479 pag.
1056 4411 1126 4464 54
1160 4417 1219 4466 et
1253 4411 1381 4480 2543
1419 4411 1718 4466 Drexler
1752 4411 1788 4465 l.
1826 4412 1863 4466 l.
1898 4428 2027 4481 pag.
2065 4411 2184 4467 732.
