3576 5085
532 488 639 568 23]
977 487 1060 541 De
1094 486 1380 541 stellarum
1416 485 1782 554 appellatione
1818 491 1877 541 et
1911 485 2177 555 religione
2210 486 2459 541 Romana
2775 490 2900 555 115

529 659 694 724 haec
722 657 1034 724 iunctura
1059 657 1348 723 fortasse
1375 675 1468 739 eo,
1500 659 1671 738 quod
1701 675 1939 738 vesper
1958 656 2356 740 amantibuS,
2382 655 2497 739 qui
2525 658 2597 723 in
2619 657 2900 725 Veneris

528 761 739 827 tutela
784 765 997 844 erant,
1042 759 1334 842 favebat,
1386 758 1456 825 id
1499 761 1673 841 quod
1714 759 2157 841 pulcherrimo
2213 759 2328 826 illo
2392 758 2609 827 LXII.
2653 760 2898 827 Catulli

527 863 816 930 carmine
860 865 1180 929 docemur.
1268 862 1494 931 Variis
1554 867 1775 929 autem
1834 862 2042 929 modis
2100 866 2340 945 poetae
2402 863 2575 929 hanc
2619 864 2784 930 deae
2828 868 2900 929 et

526 966 766 1032 stellae
789 965 1310 1032 coniunctionem
1340 965 1816 1046 exprimebant.
1859 966 2027 1031 Nam
2052 969 2173 1030 aut
2202 965 2426 1032 Venus
2454 965 2603 1046 ipsa
2624 965 2694 1032 in
2717 970 2898 1032 astro

527 1068 931 1151 conspicitur
958 1067 1218 1154 (Ov.Ib.
1241 1069 1399 1149 2113
1429 1067 1648 1135 Amor.
1681 1068 1717 1133 I
1749 1069 1809 1150 8,
1840 1068 1957 1149 30;
1988 1068 2384 1134 Auson.VII
2417 1069 2514 1152 16,
2545 1070 2586 1134 3
2616 1088 2676 1150 p.
2694 1070 2778 1135 94
2793 1070 2896 1135 P.:

526 1173 701 1253 quali
741 1172 1024 1254 properet
1077 1170 1286 1235 Venas
1344 1171 1516 1234 alma
1556 1170 1841 1255 recursu)
1900 1175 2022 1237 aut
2077 1170 2319 1237 lucifer
2361 1171 2645 1237 Veneris
2706 1173 2897 1237 sedes

526 1281 630 1341 est
673 1275 841 1360 (Iuv.
871 1274 969 1342 VI
997 1275 1127 1341 570
1170 1293 1291 1355 qao
1320 1274 1480 1338 laeta
1531 1272 1736 1338 Venas
1774 1292 1842 1337 se
1860 1273 2152 1355 proferat
2194 1272 2418 1358 astro);
2465 1273 2585 1340 alii
2615 1272 2899 1355 denique

525 1377 875 1444 luciferum
934 1376 1193 1444 stellam
1251 1377 1497 1443 Veneri
1554 1379 1853 1442 sanctam
1916 1380 2332 1457 putaverunt
2390 1375 2591 1460 (stella
2645 1375 2900 1440 Veneris

528 1480 726 1562 Verg.
772 1481 933 1547 Aen.
972 1480 1141 1546 VIII
1184 1481 1344 1561 5893
1389 1479 1533 1545 Val.
1580 1479 1801 1546 Flacc.
1845 1479 1943 1546 VI
1986 1479 2147 1560 5283
2207 1478 2320 1546 Sil.
2365 1478 2517 1545 Ital.
2561 1478 2695 1544 VII
2737 1479 2897 1559 6393

526 1583 668 1648 XII
710 1584 868 1665 2473
912 1583 1136 1650 Claud.
1174 1583 1341 1649 XIV
1385 1583 1443 1665 2,
1484 1582 1753 1648 XXXV
1787 1582 1955 1665 121),
2000 1601 2196 1664 quam
2242 1583 2369 1649 dea
2410 1581 2694 1648 maxime
2738 1583 2897 1647 ada-

527 1685 826 1752 maverit.
951 1687 1143 1753 Unde
1216 1685 1580 1766 complures
1652 1690 2095 1752 manaverunt
2170 1684 2494 1752 dictiones
2569 1684 2897 1766 poeticae:

528 1787 818 1871 Oytherea
862 1788 1115 1873 (Claud.
1160 1788 1369 1854 XXII
1411 1789 1571 1869 4393
1616 1788 1807 1853 PLM
1837 1788 1897 1853 V
1941 1806 2003 1869 p.
2035 1787 2179 1870 350,
2218 1788 2259 1853 3
2296 1806 2359 1853 V.
2391 1788 2463 1869 83
2524 1786 2899 1852 Chalcidius

527 1890 722 1973 frgm.
753 1891 854 1974 15,
892 1892 934 1955 4
963 1920 1050 1945 =
1073 1891 1249 1956 PRF
1284 1909 1347 1972 p.
1384 1891 1556 1975 409),
1608 1888 1966 1970 Cythereius
2006 1890 2176 1971 iynis
2205 1888 2345 1973 (Sil.
2375 1889 2528 1955 Ital.
2559 1889 2698 1955 XII
2727 1888 2901 1974 247),

536 1991 842 2074 cythereie
894 1992 1115 2074 Vesper
1159 1992 1343 2076 (Aus.
1389 1993 1572 2058 Prec.
1614 2010 1785 2057 cons.
1830 1993 1965 2057 des,
2008 2010 2068 2057 v.
2099 1992 2182 2057 31
2221 2020 2308 2046 =
2351 2010 2413 2073 p.
2450 1992 2535 2057 25
2550 1991 2649 2076 P),
2693 1989 2904 2055 Dione

529 2095 792 2179 (Symm.
817 2113 914 2176 ep.
945 2095 1052 2161 III
1085 2096 1162 2160 11
1190 2124 1272 2149 =
1303 2094 1480 2160 PRF
1508 2114 1569 2175 p.
1598 2095 1769 2179 411),
1799 2092 2076 2158 Dionaei
2096 2092 2383 2158 Caesaris
2403 2098 2644 2158 astrum
2676 2093 2900 2178 (Verg.

530 2199 644 2263 ecl.
673 2197 779 2263 IX
808 2198 934 2282 47),
964 2196 1318 2261 Dionaeam
1346 2202 1589 2261 astrum
1634 2196 1904 2281 (Auson.
1934 2197 2108 2278 App.
2145 2197 2319 2263 Dist.
2357 2197 2439 2262 de
2476 2215 2678 2262 mens
2721 2215 2782 2262 v.
2817 2198 2897 2262 13

527 2321 587 2382 p.
630 2301 717 2366 99
732 2300 812 2382 Ρ)
828 2351 845 2383 ,
897 2298 1180 2364 Idalium
1238 2304 1480 2364 astrum
1519 2291 1743 2382 ‘(Prop.
1790 2300 1887 2368 IV
1931 2301 1989 2383 6,
2035 2300 2178 2382 59),
2237 2298 2525 2381 Paphiae
2582 2299 2903 2381 lampades

527 2402 719 2487 (Stat.
764 2402 925 2470 Silv.
968 2403 1031 2469 V
1074 2405 1132 2484 4,
1179 2403 1261 2489 8).

698 2505 831 2573 Vix
862 2510 964 2572 est
993 2508 1165 2588 quod
1195 2523 1683 2574 commemorem
1729 2507 1925 2572 docta
1955 2506 2120 2573 haec
2150 2524 2234 2572 ex
2264 2505 2522 2574 Graeco
2554 2508 2900 2588 desumpta

528 2627 797 2691 poeseos
842 2613 1231 2676 ornamenta
1274 2628 1624 2691 numquam
1668 2614 1943 2691 recepta
1988 2628 2133 2676 esse
2178 2608 2248 2675 in
2290 2628 2652 2676 sermonem
2697 2628 2899 2693 popu-

525 2713 746 2779 larem.
835 2712 1240 2795 Quicumque
1297 2713 1514 2778 soluta
1556 2711 1858 2777 oratione
1911 2710 2180 2777 luciferi
2241 2712 2531 2778 errantis
2590 2711 2728 2782 vim
2785 2730 2897 2780 ex·

526 2814 810 2895 primere
870 2813 1212 2897 cupiebat,
1281 2813 1487 2877 Venus
1551 2813 1694 2879 sive
1748 2813 1999 2876 Veneris
2052 2814 2233 2877 stella
2293 2814 2573 2883 dicebat.
2671 2814 2899 2882 'Huius

527 2915 1019 2981 consuetudinis
1050 2916 1353 2996 exempla
1382 2915 1623 2981 afferre
1655 2916 2063 2999 supersedeo,
2096 2914 2391 2982 sufficiat
2418 2916 2489 2986 111
2515 2917 2898 2985 universum

526 3017 800 3084 Firmici
844 3017 1140 3084 Materni
1183 3018 1430 3099 scripta
1473 3017 1821 3084 indicasse.
1911 3017 2101 3084 Unus
2145 3023 2407 3088 tantum
2453 3018 2751 3086 Isidorus
2796 3036 2898 3084 er-

529 3138 678 3187 rore
707 3122 1032 3187 adductus
1062 3125 1182 3204 est,
1215 3126 1291 3187 ut
1322 3122 1405 3187 de
1436 3121 1678 3187 Martis
1715 3139 1970 3203 quoque
1999 3122 2260 3192 nomine
2287 3121 2641 3205 cogitaret.
2731 3121 2897 3187 Nam

528 3241 675 3290 cum
713 3242 1063 3305 vesperum
1124 3228 1194 3289 et
1248 3223 1594 3289 luciferum
1661 3223 2043 3306 seiungeret
2057 3274 2075 3307 ,
2137 3227 2305 3294 duos
2369 3227 2524 3291 deos
2575 3226 2898 3291 tutelares

527 3326 895 3392 constituit.
976 3326 1211 3408 Itaque
1242 3326 1521 3393 Veneris
1550 3325 1859 3393 maritum
1888 3327 2193 3410 accersit,
2232 3329 2386 3393 dum
2418 3326 2586 3394 dicit
2621 3329 2728 3412 (de
2758 3332 2899 3393 nat.

523 3446 652 3495 rer.
693 3429 941 3494 XXIII
989 3428 1084 3513 1):
1145 3429 1321 3493 tertio
1372 3429 1603 3495 circulo
1646 3429 1898 3513 luciferi
1940 3431 2363 3494 circumvectio
2403 3434 2508 3512 est,
2552 3450 2710 3511 quae
2749 3430 2898 3494 inde

523 3553 564 3595 a
601 3531 942 3613 yentiiibus
994 3531 1199 3596 Venus
1232 3536 1320 3596 esi
1362 3531 1543 3617 diota,
1584 3532 1753 3615 qaod
1790 3534 1959 3597 inter
2001 3534 2276 3615 quinque
2301 3534 2513 3597 stellas
2553 3534 2699 3614 plus
2740 3534 2900 3598 lucis

523 3634 742 3700 habeat
770 3687 786 3701 .
816 3635 942 3720 ‚(2)
979 3654 1173 3716 porro
1202 3636 1416 3717 quinto
1442 3636 1675 3701 circulo
1702 3655 1911 3718 vesper
1936 3635 2120 3700 sidae
2156 3640 2246 3700 est
2273 3635 2675 3715 conlocatum,
2717 3655 2897 3717 quem

527 3737 628 3801 illi
669 3737 883 3803 Marti
933 3736 1354 3823 Μάρκου)

696 3840 1022 3909 Isidonn
1062 3840 1350 3923 primum
1394 3840 1694 3908 videmus
1751 3846 2240 3924 repugnantem
2284 3847 2622 3924 tamquam
2668 3845 2901 3908 contra

529 3942 875 4023 gmtnium
936 3943 1466 4026 appellationem.
1567 3943 1698 4011 Sed
1756 3943 2016 4011 omnino
2076 3943 2441 4011 Christiani
2493 3945 2615 4010 hoc
2689 3962 2897 4027 paga·

524 4062 760 4111 norum
800 4045 1085 4112 numinis
1143 4065 1376 4113 nomen
1435 4052 1836 4129 spreverunt
1892 4052 1961 4115 et
2002 4046 2323 4115 libentius
2379 4065 2605 4113 vocem
2673 4047 2901 4128 lucifer

528 4151 600 4213 et
640 4167 852 4230 vesper
909 4148 1470 4232 redintegratum.
1558 4151 1804 4216 Postea
1862 4155 2116 4233 autem,
2179 4169 2324 4217 cum
2376 4151 2712 4231 luciferam
2756 4149 2896 4216 dia-

705 4300 748 4369 ¹)
782 4301 925 4357 Vide
970 4300 1174 4357 ibidem
1227 4319 1342 4371 cap.
1379 4303 1469 4357 111
1502 4304 1564 4357 2:
1621 4303 1848 4357 tertium
1896 4305 1987 4373 (sc.
2036 4301 2182 4357 diem
2225 4306 2477 4358 vocatum
2524 4301 2781 4370 dicimzw)
2826 4300 2897 4354 ab

525 4385 684 4440 stella
719 4385 946 4455 Martis,
982 4404 1120 4456 quae
1153 4403 1344 4457 vesper
1378 4391 1609 4442 vocatur
1644 4430 1657 4442 .
1696 4430 1708 4443 .
1747 4388 1823 4458 (3)
1860 4431 1871 4443 .
1911 4430 1923 4443 .
1959 4390 2178 4443 ecoctam
2200 4406 2237 4443 a
2271 4387 2496 4445 Veneris
2529 4386 2703 4452 stella,
2729 4401 2897 4455 quam

525 4470 857 4539 Luciferum
894 4477 1167 4528 asserunt.
