3576 5085
579 413 726 491 147]
1024 410 1107 463 De
1145 408 1427 463 stellarum
1467 407 1831 476 appellatione
1866 413 1923 463 et
1956 408 2223 477 religione
2257 409 2504 463 Romana
2813 411 2943 479 239

580 583 816 647 lumine
847 580 1128 664 lampas),
1161 579 1302 645 Val.
1334 579 1550 644 Flacc.
1579 579 1640 644 V
1677 580 1807 645 369
1838 577 2165 662 (luciferas
2194 580 2425 642 crinita
2449 578 2666 666 faces),
2697 580 2945 647 Lucan.

576 686 613 750 I
656 685 785 751 528
830 683 1051 767 (erinis
1093 681 1352 745 timendi
1392 680 1661 763 sideris),
1709 680 1823 746 Sil.
1855 680 2008 746 Ital.
2039 681 2211 746 VIII
2239 682 2367 748 636
2413 680 2609 765 (crine
2651 682 2943 768 corusco),

579 785 917 852 Claudian.
960 803 1155 851 carm.
1200 784 1352 849 min.
1397 783 1639 849 XXIX
1675 786 1717 849 4
1763 783 2159 867 (rubescentes
2197 784 2393 865 ferali
2431 785 2605 848 crine
2646 785 2947 868 cometae),

577 887 891 953 XXXIII
949 888 1076 953 233
1144 886 1514 969 (sanquineo
1557 936 1572 951 .
1618 937 1632 951 .
1693 887 1831 966 εφη·
1889 885 2235 969 prodiyiale
2274 886 2548 969 rubens),
2606 887 2775 953 XVI
2820 888 2945 952 112
2991 872 2995 876 ’

577 990 797 1074 (tristis
841 989 1108 1073 cometa).
1200 987 1454 1071 Quibus
1509 988 1810 1054 omnibus
1853 988 1977 1053 1106
2021 1006 2221 1053 unum
2265 990 2504 1054 addam
2549 988 2945 1071 sanguineos

580 1093 727 1159 ideo
760 1092 1087 1174 appellari
1111 1095 1414 1173 cometaS,
1449 1092 1621 1171 quod
1649 1090 1866 1156 nitore
1896 1092 2291 1157 rubescente
2323 1093 2588 1157 caedem
2617 1091 2946 1158 hominum

582 1194 998 1260 denuntiant.

751 1314 854 1379 De
916 1317 1315 1379 cometarum
1382 1329 1592 1393 grave
1647 1329 1835 1377 omen
1902 1309 2256 1377 ferentium
2320 1310 2575 1393 origine
2643 1312 2949 1379 diversae

579 1420 932 1482 occurrunt
975 1415 1369 1482 sententiae.
1458 1413 1809 1495 Popularis
1839 1413 2182 1495 persuasio
2226 1413 2389 1478 mihi
2429 1413 2701 1479 videtur
2742 1414 2947 1481 fuisse

581 1522 866 1584 cometas
899 1537 939 1584 a
971 1517 1112 1583 deis
1154 1517 1369 1583 creari
1415 1521 1485 1583 et
1530 1516 1718 1596 quasi
1746 1515 2014 1582 nuntios
2038 1515 2087 1599 1)
2135 1515 2331 1598 1111111,
2377 1535 2522 1581 611111
2566 1516 2949 1597 plerumque

582 1621 928 1704 augurium
960 1619 1318 1686 terrificum
1350 1618 1786 1701 appellentur.
1874 1618 2133 1684 Plinius
2179 1637 2287 1684 eos
2327 1617 2397 1683 in
2436 1618 2577 1699 ipso
2622 1621 2803 1684 caelo
2847 1638 2948 1685 re-

580 1728 783 1805 pente
819 1728 1014 1789 natos
1057 1722 1220 1788 dicit
1249 1722 1402 1786 Nat.
1447 1720 1601 1785 hist.
1636 1721 1707 1785 II
1751 1721 1853 1786 89.
1945 1721 2216 1786 Ceteras
2263 1720 2371 1786 vel
2417 1720 2949 1803 philosophorum

580 1827 692 1892 vel
733 1824 1345 1891 mathematicorum
1375 1823 1677 1889 notiones
1722 1824 1805 1888 de
1836 1821 2091 1904 origine
2124 1826 2520 1888 cometarum
2564 1841 2949 1889 enumerare

582 1926 797 2010 nolim,
857 1945 1000 1993 cum
1062 1945 1176 1991 eas
1237 1925 1628 2006 compositas
1688 1924 1993 1990 invenire
2049 1924 2258 2005 possis
2322 1926 2409 1990 ab
2456 1925 2533 1990 A.
2575 1925 2949 1991 Bouche-

583 2030 1005 2109 Leclercq
1055 2029 1096 2094 l.
1139 2028 1182 2093 l.
1211 2047 1362 2110 pag.
1409 2028 1645 2108 548sq.
1999 2031 2002 2034 ’

755 2150 983 2229 Neque
1043 2166 1198 2215 vero
1251 2166 1470 2213 omnes
1531 2145 1956 2212 cincinnatae
1999 2146 2454 2226 calamitatum
2512 2147 2951 2228 praenuntiae

584 2254 1011 2333 putabantur,
1065 2252 1182 2316 sed
1241 2250 1442 2316 semel
1500 2249 1749 2315 factum
1812 2254 1931 2330 est,
1988 2252 2065 2313 ut
2123 2248 2267 2330 ipso
2331 2249 2472 2314 fato
2514 2249 2950 2315 Romanorum

581 2352 1091 2436 superstitiones
1135 2354 1219 2418 ad
1280 2352 1556 2418 crinitas
1601 2351 1833 2417 stellas
1878 2352 2177 2417 adnexae
2237 2356 2658 2432 augerentur.
2744 2352 2950 2417 Paulo

582 2456 753 2521 enim
800 2460 950 2537 post
992 2455 1058 2520 C.
1102 2454 1261 2520 Iulii
1301 2454 1610 2520 Caesaris
1649 2458 1925 2519 mortem
1973 2457 2257 2519 cometes
2299 2452 2655 2519 effulserat.
2743 2452 2950 2536 Quem

584 2559 890 2625 Caesaris
950 2577 1177 2624 necem
1236 2557 1728 2639 praedicturum
1793 2575 1939 2622 esse
1999 2555 2218 2621 dicere
2276 2574 2405 2621 non
2449 2555 2582 2621 iam
2625 2561 2952 2641 poterant,

506 2686 517 2695 ⁴²
584 2661 778 2727 immo
840 2660 960 2727 alii
1012 2660 1249 2725 stellae
1301 2660 1572 2725 effect-us
1621 2663 1813 2725 erant
1858 2659 2296 2740 excogitandi.
2395 2658 2561 2725 Nam
2606 2678 2753 2725 cum
2790 2661 2955 2727 haec

588 2763 787 2827 stella
833 2761 1324 2843 conspiceretur
1367 2761 1452 2827 iis
1496 2762 1661 2843 ipsis
1705 2761 1897 2843 ludis,
1944 2760 2181 2842 quibus
2228 2761 2571 2843 Augustus
2609 2762 2953 2840 Venerem,

585 2868 859 2930 matrem
923 2863 1147 2946 gentis
1199 2864 1442 2948 Iuliae,
1518 2870 1589 2929 61
1639 2862 1986 2930 Caesarem
2030 2864 2272 2946 ipsum,
2339 2882 2530 2944 quem
2574 2882 2691 2945 pro
2759 2868 2952 2946 patre

587 2966 865 3049 colebat,
919 2967 1377 3050 venerabatur,
1400 2966 1453 3051 ²)
1517 2968 1603 3032 ad
1660 2967 1859 3032 6116111
1924 2970 2377 3032 recurrerunt·
2415 2965 2952 3047 superstitionem

584 3068 719 3133 iam
749 3068 1012 3150 saepius
1044 3067 1271 3152 (supra
1299 3088 1447 3151 pag.
1483 3070 1609 3134 129
1625 3069 1787 3153 sqq.)
1815 3072 2380 3134 commemoratam
2404 3067 2654 3134 animas
2686 3068 2951 3134 eximio-

763 3272 804 3343 1)
838 3272 983 3327 Huic
1017 3271 1358 3340 persuasioni
1391 3271 1584 3326 fovent
1618 3271 1906 3340 praecipue
1943 3270 2202 3325 Germani
2236 3270 2440 3326 saeculi
2462 3271 2643 3338 XVII,
2678 3272 2774 3339 qui
2808 3272 2954 3327 hunc

585 3359 646 3413 in
681 3359 899 3413 modum
948 3357 1231 3427 appellant
1276 3356 1534 3411 crinitas:
1580 3355 1853 3410 Zornbote
1894 3356 2087 3411 Gottee
2134 3357 2225 3424 (M.
2261 3356 2325 3410 G.
2363 3356 2414 3411 S.
2450 3356 2786 3426 Vierling
2832 3356 2954 3411 Der

585 3444 826 3499 wael-tere
861 3442 997 3499 Stab
1034 3442 1126 3498 dee
1160 3443 1370 3511 Herrn,
1418 3442 1616 3497 Erfurt
1651 3441 1783 3495 1681
1822 3441 2074 3511 passim);
2124 3441 2581 3511 Comei-Prophet
2609 3441 2727 3496 und
2761 3441 2955 3497 himm-

586 3528 784 3585 liecher
830 3527 1242 3583 Ambassadeur
1289 3527 1380 3597 (Μ.
1417 3527 1478 3582 Ζ.
1518 3526 1582 3581 G.
1637 3526 1964 3582 Geistlieher
1996 3525 2522 3596 Betraehtunyslust
2554 3525 2738 3597 1681);
2784 3527 2957 3582 Busa·

582 3615 836 3686 prediqer
871 3617 998 3685 (von
1022 3614 1119 3669 der
1153 3615 1245 3669 La
1257 3628 1341 3683 ge
1376 3613 1475 3668 1.1.
1499 3611 1753 3683 passim);
1790 3612 2239 3667 Himmele-Both
2275 3613 2360 3681 (D.
2385 3612 2620 3681 Egidius
2655 3613 2954 3668 Strauch

597 3701 713 3755 Von
748 3700 842 3756 der
887 3699 1106 3755 Weisen
1140 3715 1273 3754 ause
1313 3698 1764 3769 Moryen-Lande
1801 3742 1812 3754 .
1851 3741 1863 3754 .
1902 3740 1915 3753 .
1980 3697 2224 3752 Wunder
2259 3697 2494 3752 Sternen
2539 3698 2784 3769 Dantzig
2821 3697 2953 3753 1681

587 3785 838 3856 passim);
891 3786 1212 3841 Postreuter
1245 3784 1364 3839 und
1396 3784 1668 3854 Zorniyer
1712 3784 1855 3838 Bote
1905 3783 2097 3839 Gottee
2145 3783 2269 3852 (Th.
2306 3782 2441 3852 Mai
2453 3798 2492 3837 11
2505 3798 2532 3837 8
2577 3783 2956 3851 Zorn-Ruthe‚

588 3871 931 3940 Magdeburg
967 3871 1101 3926 1619
1135 3887 1263 3940 pag.
1301 3871 1468 3937 CIII).
1625 3893 1629 3896 >

761 3955 805 4026 ⁹)
859 3956 1000 4011 Vide
1033 3972 1087 4011 v.
1124 3972 1168 4010 6.
1205 3956 1310 4010 1111.
1349 3955 1473 4011 0118.
1510 3972 1626 4023 cap.
1667 3954 1782 4023 128,
1822 3960 1881 4009 61
1912 3953 2129 4009 Sueten.
2171 3954 2298 4010 Div.
2331 3953 2438 4008 Iul.
2474 3953 2570 4009 88:
2618 3953 2684 4008 in
2729 3953 2956 4008 deorum

587 4056 885 4097 numerum
918 4041 1129 4096 relatus
1152 4042 1248 4108 681,
1283 4056 1396 4094 non
1430 4057 1524 4094 ore
1559 4039 1719 4095 modo
1754 4037 2157 4094 decernentium
2190 4038 2285 4093 aed
2308 4041 2364 4093 et
2384 4038 2748 4108 persuasione
2798 4038 2955 4108 volyi.
3046 4102 3048 4105 ¹

592 4124 874 4194 Siquidem
930 4124 1102 4195 ludia,
1152 4140 1284 4193 quos
1321 4125 1537 4193 primos
1584 4127 1898 4179 consecrato
1944 4123 1996 4179 ei
2041 4123 2193 4179 heres
2237 4124 2525 4195 Anqustue
2559 4123 2762 4193 edebat,
2798 4123 2957 4179 atella

591 4210 802 4267 crinita
827 4227 933 4280 per
966 4212 1168 4280 septem
1203 4208 1496 4264 continuos
1529 4209 1645 4264 dies
1676 4209 1850 4278 fulsit
1883 4250 1897 4264 .
1936 4253 1949 4267 .
1987 4250 2000 4264 .
2038 4209 2411 4278 creditumque
2444 4211 2526 4264 681
2557 4209 2812 4264 animam
2845 4224 2958 4263 6886

594 4294 848 4351 Caesarie
892 4294 959 4350 in
992 4295 1202 4350 eaelum
1246 4293 1465 4364 recepti.
1548 4294 1630 4349 Et
1671 4294 1775 4351 hae
1821 4294 1886 4350 de
1932 4311 2103 4351 eausa
2136 4295 2434 4351 simulacro
2480 4292 2602 4347 eius
2645 4292 2710 4348 in
2760 4293 2959 4349 vertice

587 4380 824 4436 additur
856 4380 1030 4436 atella.

2543 4464 2643 4518 16*
