3576 5085
519 441 673 529 155]
971 442 1054 495 De
1091 409 1372 495 stellarum
1409 438 1777 507 appellatione
1814 443 1871 494 et
1907 437 2170 508 religione
2204 439 2451 494 Romana
2757 442 2900 506 247,

520 618 783 679 cerunt:
821 617 1068 678 nautae
1099 615 1168 677 et
1195 610 1458 676 milites.
1545 609 1920 692 Quaeritur,
1954 629 2040 675 an
2070 615 2340 691 praeter
2373 629 2486 676 eas
2518 629 2682 691 quas
2700 612 2885 676 modo

520 716 1043 783 enumeravimus
1074 713 1242 780 alias
1265 712 1744 795 appellationes
1766 711 1963 778 hodie
1987 713 2365 794 deperditas
2395 712 2631 778 rustici
2653 712 2886 778 Latini
2988 711 2993 717 ’

520 818 588 884 111
627 836 751 884 11311
793 816 1168 884 habuerint.
1246 816 1449 898 Quod
1479 814 1856 898 praefracte
1886 815 2124 896 negari
2161 815 2423 896 nequit:
2469 814 2667 881 facile
2713 815 2887 880 enim

520 921 689 986 talia
713 920 1109 987 Graecorum
1133 919 1504 985 nominibus
1533 917 2081 1001 reprimebantur,
2112 922 2189 994 ut
2218 918 2289 983 in
2316 919 2554 1001 iuyulis
2585 917 2888 999 vidimus,

520 1028 754 1105 postea
784 1022 1028 1103 ubique
1052 1021 1195 1088 fere
1222 1021 1421 1085 Orion
1443 1020 1813 1102 appellatis,
1864 1019 2193 1102 Imprimis
2224 1024 2457 1101 poetas
2489 1019 2888 1086 Graecorum

522 1126 842 1193 vocabula
866 1125 1215 1191 affectasse
1259 1123 1562 1207 vidimus,
1608 1142 1753 1188 cum
1783 1122 2047 1188 nomina
2076 1142 2233 1190 vere
2262 1123 2561 1188 Romana
2590 1123 2898 1188 oratione.
3005 1147 3012 1150 ⁸

524 1230 744 1295 soluta
773 1231 1218 1294 servarentur.
1271 1227 1498 1307 Neque
1527 1232 1752 1292 tamen
1781 1226 1898 1309 ita,
1927 1231 2005 1292 ut
2024 1224 2437 1308 *philosophis
2468 1230 2537 1291 et
2567 1233 2893 1308 gramma-

526 1332 681 1397 ticis
724 1350 944 1397 eorum
989 1329 1344 1413 originatio
1395 1330 1738 1412 perlucida
1798 1333 1990 1395 esset.
2086 1328 2272 1412 Quae
2331 1328 2595 1410 saepius
2648 1325 2749 1393 ita
2806 1329 2892 1393 ad

527 1432 921 1500 oblivionem
994 1435 1269 1498 redacta
1326 1436 1444 1515 est,
1503 1436 1581 1497 ut
1634 1430 2033 1497 doctioribus
2102 1431 2173 1496 in
2235 1430 2623 1512 explicando
2698 1431 2892 1497 valde

529 1535 734 1602 fuerit
787 1537 1250 1602 desudandum.

698 1639 842 1705 Hoc
887 1657 1144 1719 quoque
1190 1645 1272 1703 ex
1316 1637 1418 1720 iis,
1464 1655 1632 1717 quae
1676 1655 1876 1718 supra
1921 1636 2132 1701 allata
2178 1640 2350 1717 sunt,
2397 1634 2735 1700 discimus:
2781 1653 2893 1699 ne-

532 1761 864 1823 quaquam
903 1743 1126 1807 eodem
1158 1741 1342 1805 modo
1374 1757 1595 1804 omnes
1641 1738 1873 1803 stellas
1906 1738 2277 1819 appellatas
2316 1755 2459 1802 esse
2492 1756 2532 1801 a
2562 1735 2896 1801 Romanis.

531 1845 672 1909 Aut
718 1844 891 1909 enim
931 1842 1179 1925 singuli
1222 1842 1412 1923 ignes
1457 1844 1631 1923 sunt,
1675 1845 1750 1905 ut
1795 1860 2021 1922 vesper,
2066 1842 2186 1905 aut
2231 1839 2510 1904 maiores
2548 1838 2897 1903 constella-

486 1958 491 1963 ’
532 1945 766 2028 1101163,
811 1949 886 2010 ut
928 1945 1231 2026 veryiliae.
1318 1944 1659 2008 Interdum
1704 1943 1907 2007 etiam
1954 1945 2256 2007 statuere
2314 1960 2672 2023 1103311111113,
2721 1940 2895 2009 illud

531 2048 735 2131 1111113,
780 2049 901 2113 1106
946 2046 1274 2129 posterius
1312 2045 1532 2127 fuisse,
1580 2050 1655 2110 111
1696 2046 1986 2109 canicula
2032 2049 2102 2110 et
2146 2043 2400 2108 suculae
2443 2043 2634 2110 initio
2680 2062 2899 2126 unam,

534 2150 771 2217 deinde
816 2150 1039 2232 plures
1082 2149 1315 2215 stellas
1354 2148 1761 2232 significasse
1808 2149 2137 2213 videntur.
2226 2145 2401 2229 Quid
2444 2146 2621 2211 inter
2650 2150 2898 2211 11116111-

534 2272 661 2333 que
723 2251 1145 2335 significandi
1202 2251 1523 2317 rationem
1580 2249 1999 2332 interfuerit,
2074 2249 2408 2330 explicare
2467 2248 2629 2313 mihi
2700 2248 2901 2314 liceat

533 2354 769 2422 Jacobi
815 2354 1124 2421 Grimm
1170 2353 1393 2422 verbis
1423 2353 1464 2418 l.
1494 2353 1537 2419 l.
1568 2373 1625 2434 p.
1657 2354 1803 2435 609,
1849 2352 1962 2432 qui
2005 2354 2087 2417 de
2117 2351 2397 2435 singulis
2444 2351 2656 2417 stellis
2702 2350 2868 2417 dicit

535 2457 642 2521 Im
686 2457 997 2521 einzelnen
1045 2456 1226 2521 Stern
1273 2456 1436 2520 udrd
1477 2458 1581 2519 ein
1621 2476 1857 2536 yanzer
1893 2454 2155 2518 Mensch
2199 2457 2265 2535 (a
2295 2454 2609 2520 Romanis
2640 2473 2746 2519 res
2793 2454 2901 2520 vel

537 2562 806 2647 animal)
854 2560 1115 2644 ersehen,
1161 2561 1314 2624 ohne
1348 2556 1687 2623 Raeksieht
1730 2559 1857 2639 auf
1895 2557 2355 2642 eiyentiimliche
2387 2557 2648 2638 Gestalt,
2688 2557 2905 2622 welche
2943 2598 2946 2599 f

535 2667 605 2727 in
649 2664 761 2727 der
798 2664 1005 2727 Ferne
1047 2662 1304 2726 ohnehin
1350 2661 1799 2727 verschwindct.
1886 2662 1981 2726 Et
2011 2663 2093 2727 de
2124 2660 2486 2726 sideribus:
2531 2660 2657 2724 Die
2689 2660 2905 2724 Sterne

534 2765 719 2849 ychen
769 2765 888 2828 den
919 2764 1168 2842 Grund,
1210 2763 1545 2849 yleichsam
1575 2764 1677 2828 dic
1703 2763 2003 2827 Knochen
2030 2764 2157 2847 her,
2203 2783 2310 2826 um
2340 2761 2556 2826 welche
2597 2762 2697 2825 die
2739 2762 2904 2846 volle,

539 2886 654 2932 von
696 2868 807 2931 der
851 2867 1450 2948 Einbildunyskraft
1500 2867 1821 2931 erschaute
1861 2866 2066 2951 Fiyur
2106 2885 2371 2950 qezoyen
2415 2864 2593 2929 wird.

713 2970 847 3036 Ubi
894 2974 1154 3037 veteres
1184 2970 1463 3036 Romani
1503 2972 1666 3036 haec
1712 2989 1989 3051 corpora
2034 2968 2352 3035 caelestia
2382 2967 2907 3051 appellaverant,

542 3079 661 3140 aut
706 3093 743 3140 e
785 3075 931 3139 luce
964 3073 1245 3139 candida
1283 3078 1401 3139 aut
1437 3073 1869 3139 similitudine
1900 3072 2315 3139 terrestrium
2345 3089 2580 3153 rerum,
2624 3071 2905 3152 plerum-

545 3196 670 3258 que
701 3176 868 3243 satis
899 3177 1254 3265 habebant,
1284 3196 1497 3257 neque
1525 3178 1751 3258 plures
1797 3175 2241 3257 opiniones
2282 3173 2697 3239 addiderunt.
2763 3173 2910 3239 Nisi

542 3278 714 3345 forte
765 3298 886 3361 per
945 3280 1731 3361 anthropomorphismum
1800 3297 1992 3359 quem
2051 3295 2359 3344 vocamus
2418 3277 2584 3342 haec
2636 3293 2909 3357 corpora

542 3381 846 3448 humanis
894 3381 1138 3448 similia
1179 3387 1605 3464 putaverunt,
1649 3381 1887 3447 animis
1931 3381 2256 3463 praedita,
2318 3379 2552 3460 quibus
2610 3379 2681 3443 in
2727 3378 2908 3443 caelo

545 3489 667 3551 aut
711 3487 922 3551 eundo
970 3489 1090 3550 aut
1120 3485 1416 3552 vehendo
1452 3489 1817 3567 moventur,
1859 3502 2029 3564 quae
2074 3483 2355 3548 humano
2387 3500 2565 3548 more
2608 3481 2911 3547 oriuntur
3011 3520 3040 3551 a

547 3593 614 3654 et
656 3588 982 3654 occidunt.
1070 3588 1207 3654 Alii
1254 3593 1473 3654 autem
1508 3587 1802 3652 flammas
1841 3586 2162 3652 caelestes
2205 3588 2699 3666 conspexerunt,
2740 3602 2910 3665 quae

480 3762 485 3765 ,
546 3709 661 3756 3110
706 3697 997 3773 1611111016
1044 3693 1491 3757 accenduntur
1549 3695 1618 3757 et
1669 3688 2165 3772 extinguuntur.
2270 3686 2401 3753 Sed
2459 3690 2615 3751 utut
2658 3687 2780 3752 hoc
2838 3705 2910 3751 36

548 3792 860 3875 habebat,
885 3795 1232 3859 constabat
1247 3798 1488 3876 tamen,
1515 3792 1673 3858 anni
1690 3797 1986 3873 tempora
2010 3795 2079 3856 et
2099 3792 2548 3871 tempestateS,
2574 3808 2745 3869 quae
2760 3792 2910 3870 post

549 3895 891 3963 stellarum
922 3899 1135 3960 ortum
1166 3913 1548 3963 occasumve
1577 3896 2039 3976 nascebantur,
2065 3896 2334 3974 propter
2364 3893 2549 3958 illum
2578 3891 2742 3975 fieri,
2772 3892 2832 3956 h.
2859 3910 2911 3956 e.

551 4015 592 4061 a
620 3995 835 4062 stellis
864 3995 1079 4079 frigus
1111 4003 1179 4062 et
1209 3997 1505 4079 calorem,
1546 3996 1976 4063 serenitatem
2008 4001 2078 4061 et
2115 3996 2324 4060 nubes
2371 3994 2515 4059 dari
2561 3998 2630 4060 et
2658 3994 2912 4076 negari.

507 4132 511 4137 ⁴
551 4099 739 4181 Quod
785 4100 984 4165 aliter
1027 4118 1110 4172 se,
1142 4100 1389 4165 habere
1434 4104 1668 4180 postea
1712 4102 1970 4165 demum
2015 4089 2425 4164 intellectum
2472 4100 2591 4162 est.

725 4204 821 4267 At
853 4221 936 4267 ex
965 4203 1090 4268 hac
1121 4201 1424 4283 opinione
1454 4202 1687 4267 stellas
1719 4205 2189 4284 tempestatum
2224 4200 2516 4267 dominas
2541 4217 2683 4265 esse
2714 4198 2914 4264 facile

552 4305 687 4371 alia
717 4305 1189 4386 sequebantur:
1222 4304 1452 4370 stellas
1483 4304 1740 4371 omnino
1771 4305 1998 4372 divina
2020 4308 2355 4386 potestate
2385 4321 2530 4368 esse
2553 4302 2913 4384 praeditae,

554 4427 697 4475 esse
726 4408 796 4474 in
827 4409 1093 4474 deorum
1122 4425 1388 4473 numero
1419 4408 1764 4475 habendas
1795 4409 2249 4488 colendasque.
2307 4407 2450 4471 Hoc
2479 4407 2655 4486 apud
2678 4404 2912 4470 Roma-
