3576 5085
652 427 779 491 176
1560 422 1863 478 Guilelmus
1899 423 2114 478 Gundel
2906 427 3020 513 [84

651 597 871 661 dunt.
958 595 1192 679 Iuyula
1251 596 1519 678 myrtum,
1579 595 1746 677 quod
1788 595 2018 658 Accius
2070 595 2340 677 appellat
2387 594 2639 678 Oriona,
2705 617 2846 660 cum
2890 599 3017 662 ait.-

650 701 903 763 citius
952 697 1203 761 Orion
1242 698 1426 777 pall
1438 700 1599 761 esci
1611 697 1709 782 t.¹)
1784 696 2005 761 Huius
2032 699 2197 778 siqui
2226 705 2412 777 caput
2449 698 2685 762 dicitur
2715 721 2790 763 ex
2818 700 3020 765 tribus

650 802 862 882 sicllia
910 821 1072 884 quas
1110 801 1291 881 infra
1335 800 1498 863 duae
1527 800 1751 882 clarae,
1801 820 1958 883 quas
1986 800 2302 883 appellant
2331 820 2612 878 umeros;
2654 803 2815 865 inter
2860 824 3019 887 quas

652 904 820 988 quod
860 905 1100 967 videtur
1141 905 1451 984 iuyulum,
1498 904 1721 984 iuyula
1766 904 1947 968 dicta.

823 1024 1168 1089 Iudicatur
1226 1024 1453 1089 Plauti
1508 1042 1743 1089 versus
1803 1022 1992 1088 nobis
2053 1022 2428 1087 notissimus
2486 1023 2813 1105 Amphitr.
2873 1025 3018 1108 275,

651 1127 767 1192 ubi
795 1132 1018 1192 tamen
1050 1126 1243 1191 initio
1274 1127 1630 1192 secundum
1670 1125 2016 1191 Plautinos
2048 1124 2302 1190 codices
2332 1124 2584 1207 legitur
2614 1146 2721 1189 nec
2749 1128 3017 1207 iay-ulae.

651 1232 795 1295 Non
842 1236 943 1295 est
989 1248 1103 1295 cur
1141 1223 1303 1294 huic
1347 1229 1613 1294 lectioni
1657 1228 1852 1294 fidem
1899 1231 2313 1310 derogemus:
2360 1229 2530 1308 quod
2575 1233 2713 1293 tum
2759 1234 3016 1295 tantum

650 1333 901 1414 liceret,
947 1351 1091 1397 cum
1130 1332 1379 1396 nullum
1427 1330 1611 1396 aliud
1657 1331 1908 1414 iuqulae
1951 1330 2100 1395 fem.
2146 1349 2291 1412 gen.
2330 1331 2695 1411 exemplum
2742 1332 3018 1398 habere-

651 1454 811 1501 mus.
886 1435 1015 1500 Sed
1046 1453 1141 1517 ea,
1172 1438 1249 1499 ut
1279 1435 1472 1514 paulo
1516 1434 1694 1498 infra
1735 1433 2122 1515 videbimuS‚
2166 1451 2292 1498 non
2327 1434 2580 1498 desunt.
2655 1433 3021 1515 Quaeritur

652 1544 891 1618 autem,
952 1541 1173 1601 utrum
1220 1536 1431 1601 Varro
1478 1536 1699 1616 iuyula
1744 1554 1886 1600 esse
1949 1535 2232 1601 voluerit
2274 1535 2749 1602 nominativum
2797 1556 3018 1602 casum

652 1639 1012 1722 singularis
1057 1638 1312 1704 numeri
1356 1658 1441 1703 an
1498 1637 1794 1719 pluralia
1862 1642 2080 1703 utrum
2125 1637 2510 1703 femininum
2569 1657 2656 1703 an
2713 1645 3017 1705 neutrum

651 1760 858 1824 genus
903 1740 1318 1823 praetulerit.
1380 1740 1449 1805 si
1486 1741 1695 1806 verba
1727 1740 1868 1806 eius
1902 1740 2278 1805 accuratius
2309 1740 2690 1823 perlegeris,
2732 1741 3018 1807 fortasse

650 1863 900 1910 mecum
983 1863 1198 1910 sumes
1266 1863 1411 1909 eum
1492 1845 1572 1908 de
1648 1843 1975 1925 singulari
2042 1862 2309 1908 numero
2382 1842 2682 1908 feminini
2754 1844 3021 1925 generis

652 1946 996 2030 cogitasse.
1091 1947 1303 2011 Aliter
1357 1946 1527 2011 enim
1582 1945 1990 2027 scripsisset:
2046 1946 2208 2028 quod
2260 1945 2547 2008 videntur
2603 1947 2860 2028 ῶτιριιῖα,
2919 1949 3019 2009 iu-

650 2050 803 2131 qula
848 2049 1029 2113 dicta.

825 2170 1162 2233 Habemus
1222 2167 1435 2249 igitur
1492 2169 1730 2233 Plauto
1792 2172 1966 2232 teste
2025 2168 2292 2250 iuqulaa
2338 2167 2654 2233 Varronis
2716 2167 3019 2248 opinione

652 2271 957 2353 iuqulam.
1043 2270 1354 2334 Plautum
1400 2270 1698 2350 sequitur
1743 2269 2056 2334 Manilius
2100 2270 2160 2335 V
2208 2272 2362 2334 174:

960 2409 1134 2455 nunc
1179 2409 1411 2455 cancro
1455 2389 1682 2456 vicina
1726 2407 1978 2470 canam,
2024 2389 2131 2454 cui
2175 2394 2367 2470 parte
2413 2388 2691 2454 sinistra

968 2498 1371 2575 consurgunt
1415 2492 1761 2577 iugulae.2)

827 2632 920 2695 At
976 2649 1118 2695 cum
1186 2631 1482 2696 Varrone
1542 2630 1802 2696 faciunt
1845 2630 2093 2694 Paulus
2138 2628 2328 2694 Festi
2394 2649 2453 2710 p.
2504 2630 2744 2694 104M:
2798 2631 3021 2710 iuyula

653 2732 834 2798 stella-
898 2731 1125 2816 Orion,
1183 2733 1351 2817 quod
1408 2734 1677 2816 amplior
1731 2734 1973 2812 celeria,
2042 2733 2225 2814 quasi
2289 2751 2425 2795 mcx
2488 2732 2826 2815 iuylandia
2927 2732 3021 2797 Et

654 2837 952 2903 Isidorus
984 2837 1163 2920 Orig.
1194 2837 1302 2902 III
1333 2839 1432 2920 70,
1467 2840 1542 2902 11
1578 2840 1659 2902 de
1701 2836 1973 2903 Orione:
2017 2834 2181 2897 hunc
2210 2833 2432 2897 Latini
2458 2836 2744 2914 iuyulam
2787 2842 3019 2916 vocant,

657 2940 825 3023 quod
865 2942 944 3003 sit
990 2946 1295 3022 armatus‘,
1341 2944 1410 3003 ut
1464 2939 1751 3023 yladius‘,
1812 2944 1869 3001 et
1911 2937 2240 3001 stellarum
2293 2937 2425 3000 luce
2483 2937 2783 3002 terribilis
2840 2944 3023 3021 atque

654 3042 1119 3126 clarissirtzusss)

827 3162 1064 3227 Plures
1094 3161 1284 3241 locOS‚
1331 3161 1568 3241 quibus
1600 3159 1869 3241 iugulae
1900 3166 2573 3241 commemorarentur,
2618 3180 2748 3226 non
2778 3160 3022 3227 inveni.

654 3265 892 3344 Itaque
954 3263 1086 3328 iam
1144 3265 1231 3327 ad
1294 3263 1478 3328 aliud
1529 3267 1954 3328 transeuntes
2015 3280 2425 3344 quaeramuS‚
2485 3264 2797 3342 quomodo
2855 3264 3023 3328 haec

657 3366 1011 3447 appellatio
1059 3385 1098 3432 a
1143 3366 1307 3431 viris
1349 3365 1560 3431 doctis
1605 3365 1697 3430 sit
1740 3363 2090 3446 explicata.
2194 3364 2508 3430 Varronis
2554 3364 2737 3430 Festi
2783 3365 3024 3431 Isidori

655 3468 995 3534 conamina
1039 3469 1167 3534 iam
1216 3469 1666 3551 cognovimus:
1710 3466 2149 3532 recentiorum
2197 3468 2271 3531 L.
2311 3467 2603 3532 Ideler
2647 3468 2687 3532 1.
2720 3487 2768 3532 s.
2800 3487 2858 3548 p.
2894 3468 3022 3532 222

657 3591 801 3637 cum
862 3571 1159 3636 Varrone
1218 3571 1414 3651 facit,
1475 3589 1620 3635 cum
1681 3569 1922 3650 reliqui
1967 3589 2137 3634 nova
2196 3570 2566 3649 veriloquia
2627 3569 3023 3636 addiderint.

831 3811 870 3877 ¹)
907 3811 993 3865 Sic
1028 3810 1296 3865 Biicheler
1333 3809 1476 3878 apud
1512 3807 1873 3862 Ribbeckium
1911 3809 2076 3876 Trag.
2113 3808 2267 3862 Rom.
2304 3807 2555 3876 Fragm.⁸
2589 3824 2639 3876 p.
2676 3806 2775 3859 261
2815 3825 2865 3862 v.
2902 3807 3021 3862 693.

827 3895 870 3964 ²)
909 3896 1233 3964 Scaliger
1269 3896 1339 3949 ad
1374 3897 1518 3949 hunc
1555 3896 1729 3949 locum
1784 3895 2147 3948 adnotaverat
2181 3893 2463 3947 Manilium
2516 3909 2612 3961 per
2648 3909 2880 3947 errorem
2916 3910 3023 3948 non

656 3980 921 4051 Orionem,
960 3982 1055 4035 sed
1091 3983 1283 4036 asellos
1319 3982 1401 4035 ita
1426 3981 1743 4048 appellasse.
1816 3979 1922 4033 Sed
1945 3979 2090 4032 hunc
2121 3994 2354 4033 errorem
2380 3982 2623 4033 statuere
2659 3977 3023 4032 necessarium

655 4083 762 4122 non
797 4066 887 4135 sit,
924 4084 976 4121 v.
1013 4067 1323 4123 Turnebi
1359 4068 1586 4121 AdverS.
1623 4082 1674 4134 p.
1712 4064 1818 4119 840
1854 4065 1955 4133 (ed.
1992 4062 2160 4118 Basil.
2200 4064 2370 4133 1581).

833 4153 874 4221 ⁸)
912 4153 999 4206 Ex
1034 4153 1241 4207 Isidoro
1277 4152 1463 4207 hausit
1486 4151 1753 4219 Anonym.
1791 4151 1856 4205 de
1892 4155 2142 4218 computo
2172 4166 2287 4218 cap.
2317 4149 2431 4202 142.
2502 4148 2639 4204 Vide
2675 4148 2844 4202 etiam
2880 4164 3024 4216 corp.

656 4239 821 4307 gloss.
867 4238 928 4291 II
974 4253 1026 4305 p.
1063 4238 1160 4291 93:
1208 4237 1401 4307 iuyula
1435 4234 1642 4303 ἄστρον
1686 4233 1956 4304 Ὠρίωνος,
2006 4236 2070 4289 Ε.
2107 4235 2332 4289 Maass
2380 4249 2568 4288 comm.
2616 4233 2674 4288 in
2722 4234 2878 4287 Arat.
2925 4233 3025 4286 rel.

654 4341 707 4393 p.
744 4323 847 4376 246
881 4338 986 4377 rec.
1023 4322 1124 4376 int..
1160 4322 1220 4375 5:
1261 4323 1431 4376 Hunc
1455 4321 1654 4376 Latini
1690 4321 1940 4390 iugulam
1965 4323 2176 4374 vocant.
2246 4321 2418 4375 Schol.
2441 4320 2499 4374 in
2525 4319 2704 4374 Germ.
2727 4335 2779 4387 p.
2806 4318 2888 4387 93,
2926 4317 2995 4371 20
