3576 5085
497 441 609 531 ¹73]
949 442 1031 496 De
1066 442 1349 497 stellarum
1387 441 1750 511 appellatione
1786 448 1845 498 et
1880 441 2142 512 religione
2177 443 2422 498 Romana
2738 444 2863 511 165

490 618 894 681 censuerunt
952 613 1343 681 vocabulum
1405 611 1635 695 ἄρκτος
1679 614 2029 679 cohaerere
2091 632 2235 680 cum
2294 613 2519 680 radice
2565 617 2863 696 quadam,

491 735 663 798 quae
726 716 947 782 lucere
1013 715 1377 798 significet,
1443 714 1543 781 ita
1609 722 1686 781 ut
1752 714 1985 799 ἄρκτος
2048 714 2136 782 sit
2201 718 2399 782 stella
2463 717 2688 783 lucida
2752 718 2862 784 vel

490 818 921 903 splendida.¹)
1025 818 1156 885 Sed
1213 819 1380 884 haec
1440 817 1907 900 interpretat-io
1965 837 2040 885 eo
2100 819 2393 903 reicitur,
2453 821 2622 901 quod
2686 821 2865 903 apud

492 921 658 989 alios
715 922 990 1004 populos
1050 922 1166 1002 qui
1222 939 1576 1002 numquam
1631 920 1838 985 ullum
1897 921 2347 987 commercium
2405 941 2550 988 cum
2588 922 2864 989 Graecis

492 1025 884 1106 habuerunt,
928 1023 1215 1106 ipsorum
1261 1022 1496 1107 lingua
1542 1023 1724 1090 sidus
1783 1024 1953 1089 illud
2010 1042 2166 1091 ursa
2210 1024 2615 1107 appellatur:
2678 1025 2864 1093 velut

491 1129 671 1210 apud
722 1127 1074 1210 indigenas
1142 1126 1488 1193 Americae
1547 1126 2161 1210 septentrionalis.²)
2264 1126 2611 1195 Sumamus
2655 1127 2865 1211 igitur

491 1248 760 1297 necesse
806 1234 927 1313 est,
986 1235 1247 1296 veteres
1293 1229 1581 1300 Graecos
1644 1229 1747 1296 his
1810 1233 2060 1311 septem
2120 1230 2332 1296 stellis
2392 1230 2867 1313 apparentibus

493 1350 720 1399 veram
798 1350 1015 1398 ursam
1092 1331 1523 1413 conspexisse.
1639 1333 1818 1399 Ursa
1890 1333 2358 1414 potentissima
2431 1334 2863 1399 venatoribus

494 1434 730 1518 priscis
746 1435 1103 1503 videbatur
1117 1435 1353 1513 bestia,
1371 1434 1441 1501 in
1459 1454 1654 1515 quam
1679 1436 1954 1501 multum
1975 1436 2398 1519 cogitationis
2422 1437 2863 1503 contulerunt.

495 1537 640 1621 Quo
685 1538 908 1620 fiebat,
952 1543 1029 1604 ut
1073 1539 1261 1605 deam
1318 1539 1440 1605 sub
1492 1557 1686 1604 ursae
1730 1538 1952 1620 specie
2011 1539 2225 1605 latere
2283 1542 2617 1622 putarent,
2678 1537 2863 1605 cuius

495 1639 783 1707 famulae
836 1644 904 1708 et
961 1640 1144 1723 ipsae
1211 1638 1434 1724 ἄρκτοι
1494 1640 1761 1727 erant.⁸)
1867 1642 2090 1725 Quare
2149 1642 2480 1709 assentiar
2537 1642 2760 1709 verbis
2822 1660 2864 1707 a

493 1742 852 1810 Kellero
888 1743 1184 1826 prolatis,
1231 1744 1341 1825 qui
1373 1747 1717 1825 postquam
1743 1745 1884 1809 loco
1915 1744 1985 1809 in
2021 1743 2450 1810 adnotatione
2480 1743 2752 1810 laudato
2783 1744 2865 1810 de

494 1846 789 1913 Indianis
832 1846 990 1930 egit,
1036 1847 1199 1913 haec
1244 1847 1463 1911 addit:
1509 1846 1868 1910 Beidesmal
1920 1846 2112 1909 haben
2155 1848 2275 1910 wir
2314 1867 2377 1911 es
2421 1897 2436 1911 .
2480 1897 2495 1912 .
2540 1897 2556 1912 .
2601 1849 2712 1911 mit
2753 1846 2867 1910 der

495 1948 862 2031 Erfinduny
933 1950 1097 2012 eines
1154 1947 1562 2032 Jciyervolkes
1616 1968 1702 2011 zu
1760 1947 1950 2025 thun,
2011 1948 2126 2012 das
2170 1999 2186 2014 .
2229 1999 2246 2014 .
2290 2001 2305 2014 .
2363 1950 2436 2012 in
2491 1948 2627 2012 dem
2682 1953 2864 2031 yross-

493 2052 803 2135 artiysten
860 2049 1210 2115 Sternbilde
1265 2050 1373 2115 des
1430 2050 1744 2115 HimmeLs
1806 2052 1906 2114 ein
1965 2050 2123 2115 Bild
2178 2051 2283 2115 des
2338 2050 2590 2132 Κόηἰρε
2659 2053 2866 2116 seiner

507 2152 765 2218 Wc'ilder
807 2153 1131 2237 erblickt.⁴)

666 2256 1029 2340 Quaeritur
1053 2256 1321 2323 ubinam
1344 2261 1610 2324 veteres
1639 2256 1708 2322 in
1740 2256 2030 2341 imagine
2052 2275 2248 2324 ursae
2272 2260 2471 2339 caput
2494 2260 2562 2323 et
2585 2258 2864 2323 caudam

491 2360 980 2428 collocaverint.
1083 2359 1511 2427 Diiudicatur
1549 2361 1670 2427 hoc
1713 2361 1996 2426 Homero
2055 2364 2246 2443 teste,
2306 2359 2420 2441 qui
2464 2359 2695 2443 ἄρκτον
2758 2358 2866 2423 τὸν

492 2460 757 2548 Ὠρίωνα
815 2460 1205 2526 δοκεύουσαν
1268 2462 1436 2528 facit
1494 2461 1594 2548 (Il.
1654 2462 1894 2529 XVIII
1953 2464 2112 2548 488,
2182 2463 2298 2529 Od.
2357 2463 2419 2529 V
2477 2463 2629 2548 274)
2689 2463 2750 2527 h.
2810 2480 2864 2528 e.

494 2565 800 2632 Orionem
858 2566 1384 2649 prospicientem.
1473 2566 1680 2648 Quem
1738 2572 2071 2632 auctorem
2116 2571 2383 2633 secutus
2436 2566 2549 2633 ubi
2608 2567 2864 2632 caelum

493 2669 853 2752 aspexeris,
898 2670 1174 2735 caudam
1197 2669 1251 2752 ⁶)
1296 2687 1488 2735 ursae
1534 2670 1812 2734 eundem
1852 2687 1998 2735 esse
2044 2687 2236 2751 quem
2267 2687 2496 2735 currus
2541 2673 2864 2735 temonem

495 2772 730 2838 statim
774 2771 1048 2837 videbis.
1057 2771 1108 2855 ⁸)
1199 2771 1386 2854 Quae
1430 2770 1648 2853 figura
1691 2776 1942 2852 septem
1972 2771 2315 2838 stellarum
2356 2772 2443 2837 ab
2473 2771 2863 2838 astronomis

493 2907 695 2977 yricch.
732 2906 975 2976 Etymol.
1015 2906 1131 2975 133,
1168 2906 1510 2961 Schrader
1545 2905 1900 2962 Rcalleaeicon
1948 2905 2045 2962 der
2078 2905 2186 2977 idq.
2223 2906 2710 2961 Altcrtumskundc
2744 2907 2863 2978 826,

496 2992 560 3049 Ο.
595 2993 841 3049 Keller
882 2993 1038 3047 Tierc
1075 2991 1166 3046 des
1188 2991 1348 3046 klass.
1373 2992 1821 3062 Altcrtum3127,
1858 2993 1910 3049 J.
1929 2993 1981 3048 J.
2006 2993 2360 3048 Bachofen
2383 2992 2505 3047 Der
2527 2993 2651 3047 Bc‘ir
2670 2993 2734 3048 in
2760 2991 2864 3047 den

495 3078 820 3149 Religionem
844 3077 936 3133 des
959 3077 1268 3133 Altertums
1290 3078 1457 3133 Basil.
1480 3078 1615 3133 1863
1639 3095 1690 3148 p.
1719 3079 1802 3133 17.
1839 3079 1888 3133 R
1903 3079 1922 3133 i
1936 3079 2047 3134 vol
2062 3094 2135 3134 ae
2160 3078 2360 3133 librum
2386 3077 2474 3132 dic
2494 3077 2864 3148 griechischen

496 3162 852 3230 Stcmbilden
888 3164 1081 3234 Progr.
1118 3164 1401 3218 Bruchsal.
1439 3164 1589 3235 1857,
1626 3171 1693 3219 ut
1727 3164 2050 3233 inspicerem
2086 3164 2222 3218 mihi
2257 3180 2364 3220 non
2405 3164 2657 3235 contigit.

674 3248 714 3319 ¹)
750 3251 852 3304 Th.
876 3251 1105 3319 Bergk
1136 3248 1351 3305 Gricch.
1375 3249 2039 3305 Litteratur·Geschichtc
2061 3251 2091 3305 I
2110 3250 2207 3303 111
2231 3250 2353 3305 adn.
2379 3251 2495 3319 161,
2515 3252 2587 3306 M.
2610 3251 2866 3308 muller

497 3336 532 3391 l.
569 3353 611 3391 s.
648 3335 710 3390 11
743 3335 862 3405 341,
900 3335 969 3389 H.
1004 3336 1275 3391 Usener
1309 3335 1447 3390 Mus.
1484 3335 1658 3391 Rhen.
1695 3336 1891 3390 XXIII
1924 3335 2043 3390 334.

672 3420 713 3490 ²)
751 3439 803 3477 v.
837 3421 1079 3489 Bailly
1132 3420 1450 3476 Gcschichtc
1497 3420 1594 3476 der
1641 3420 1987 3476 Sternkundc
2033 3420 2129 3476 der
2180 3420 2449 3476 Gricchcn
2506 3421 2566 3475 II
2623 3438 2675 3490 p.
2732 3421 2864 3490 3233

494 3507 557 3563 Ο.
582 3507 829 3562 Keller
870 3508 1027 3561 Ticrc
1048 3507 1143 3562 des
1171 3506 1331 3562 klass.
1351 3506 1658 3561 Alton-tuma
1683 3507 1782 3562 127
1797 3528 1810 3576 3
1834 3507 2070 3563 Pausan.
2098 3507 2179 3562 ed.
2205 3507 2258 3562 J.
2285 3507 2348 3562 G.
2374 3507 2634 3562 Frazer
2656 3507 2739 3563 IV
2764 3506 2862 3561 191

497 3595 569 3648 ad
602 3594 744 3650 VIII
777 3594 826 3663 3,
865 3593 915 3647 7.

672 3678 711 3748 ³)
747 3679 801 3735 J.
836 3680 889 3735 J.
937 3679 1296 3734 Bachofen
1346 3678 1383 3733 l.
1418 3695 1461 3734 s.
1509 3695 1561 3748 p.
1613 3679 1679 3733 15
1703 3695 1819 3747 sqq.
1869 3679 1936 3732 24
1961 3695 2039 3749 sq.
2110 3680 2224 3735 Ed.
2275 3679 2506 3747 Meyer
2547 3678 2866 3735 Gesckichtc

502 3762 593 3817 des
630 3764 935 3818 Altertums
971 3765 1028 3819 Π
1063 3765 1146 3832 99,
1186 3764 1303 3818 104.

675 3850 720 3918 ⁴)
755 3849 934 3916 Quare
967 3850 1188 3905 reiciam
1225 3855 1291 3905 ut
1326 3850 1565 3905 crinibus
1602 3855 1880 3919 arreptam
1911 3850 2324 3918 explicationem
2361 3866 2393 3904 a
2419 3850 2863 3905 Witekindio

499 3933 567 3988 dc
588 3934 823 4004 sphaera
847 3934 1045 3990 mundi
1065 3935 1465 4005 Heidelbergae
1490 3935 1627 3990 1574
1649 3952 1701 4005 p.
1728 3936 1799 3989 60
1821 3936 2077 3990 allatam:
2102 3935 2315 3991 Nomen
2339 3952 2605 3991 ursarum
2619 3936 2865 4006 petitum

498 4018 718 4075 videtur
751 4037 788 4075 a
822 4022 1032 4074 natura
1066 4021 1170 4076 soli
1205 4021 1284 4075 cis
1318 4021 1561 4092 subiecti,
1598 4020 1742 4090 quod
1776 4020 1877 4075 hoc
1910 4037 2103 4092 ‚qenerc
2136 4021 2404 4076 animalis
2436 4021 2703 4076 abundat.

675 4106 718 4174 ³)
754 4122 805 4161 v.
840 4107 1239 4161 Buttmannum
1276 4108 1312 4161 1.
1337 4124 1379 4161 s.
1414 4124 1467 4176 p.
1502 4107 1588 4161 36.
1660 4106 1834 4174 Quam
1869 4107 2097 4162 caudam
2133 4107 2433 4177 longiorem
2457 4124 2575 4163 esse
2610 4124 2676 4163 ea
2699 4123 2864 4176 quam

497 4207 631 4246 vera
665 4207 797 4247 ursa
830 4192 979 4262 gerit
1015 4192 1408 4247 concedendum
1445 4198 1544 4248 est.
1617 4192 1722 4248 Sed
1758 4191 1963 4247 talibus
1998 4192 2247 4248 minutiis
2294 4210 2328 4248 a
2364 4192 2721 4263 comparando
2754 4208 2864 4248 non

499 4276 916 4333 deterrebantur
947 4277 1149 4347 populi,
1187 4292 1319 4348 quos
1364 4277 1671 4346 primitivos
1708 4294 1980 4348 vocamus,
2017 4278 2075 4334 id
2111 4279 2253 4347 quod
2300 4283 2448 4335 recte
2493 4279 2604 4333 iam
2652 4277 2865 4333 monuit

498 4361 561 4418 Ο.
596 4364 837 4419 Keller
871 4364 908 4418 l.
945 4380 987 4418 s.

670 4449 714 4519 ⁸)
749 4449 937 4518 Neque
996 4455 1181 4505 tamen
1237 4448 1543 4517 praefracte
1589 4449 1785 4519 negari
1831 4454 2014 4519 potest
2058 4449 2255 4517 fuisse,
2309 4449 2401 4518 qui
2451 4453 2720 4502 temonem
2766 4463 2864 4516 pro
