3576 5085
727 461 849 525 122
1625 457 1929 512 Guilelmus
1964 457 2180 511 Gundel
2982 456 3095 545 [30

727 633 1083 717 (renovatus
1124 631 1350 712 lucifer
1391 628 1609 713 unda),
1654 628 1906 695 Seneca
1950 628 2277 710 (Phaedra
2320 628 2475 694 75οε
2530 629 2690 693 lotus
2729 629 2923 695 undis
2964 630 3092 695 He-

722 734 982 819 sperus),
1026 732 1326 799 Avienus
1369 731 1441 797 II
1488 732 1629 797 166.
1720 731 1871 797 Tali
1917 732 2102 796 modo
2145 736 2482 796 recreatus
2519 750 2761 798 novum
2804 732 2938 799 iter
2993 734 3094 800 in-

723 836 1044 920 greditur,
1091 838 1262 916 quod
1293 854 1335 901 a
1359 835 1759 901 Graecorum
1791 834 1902 899 vel
1932 833 2352 899 orientalium
2381 834 2724 916 regionum
2761 835 3094 903 montibus

722 939 926 1022 incipi
966 938 1248 1005 Graecia
1292 937 1587 1021 docuit.1)
1694 936 1909 1002 Semel
1975 936 2179 1001 etiam
2245 935 2561 1002 luciferus
2615 956 2686 1002 se
2744 938 3093 1021 accingere

722 1045 805 1109 ad
851 1043 984 1109 iter
1027 1041 1398 1107 faciendum
1445 1040 1707 1121 dicitur,
1768 1040 1921 1105 dum
1980 1038 2051 1104 in
2110 1038 2280 1103 Solis
2342 1038 2552 1104 hortis
2616 1058 2833 1105 comas
2899 1047 3095 1107 ornat

723 1146 978 1231 (Claud.
1021 1145 1230 1209 XXII
1265 1145 1437 1225 472).
1525 1142 1845 1208 Eiusdem
1889 1139 2499 1223 ἀνθρωποπαθείας
2542 1142 2908 1224 exemplum
2954 1162 3093 1210 cer·

722 1248 906 1314 nitur
949 1247 1018 1313 in
1068 1244 1519 1313 describendis
1562 1243 1816 1327 officiis,
1856 1262 2025 1325 quae
2054 1243 2234 1326 gerit
2262 1244 2702 1324 Phosphorus,
2791 1245 3092 1313 Viatoris

723 1350 896 1417 enim
939 1350 1048 1416 vel
1093 1347 1409 1415 calatoris
1454 1347 1669 1413 officio
1714 1352 1989 1413 ornatur
2053 1365 2114 1412 v.
2175 1365 2224 1411 c.
2272 1345 2387 1412 Ov.
2431 1346 2591 1411 Met.
2647 1347 2753 1413 XI
2792 1349 2940 1431 296,
2994 1349 3094 1416 IV

722 1454 871 1534 629,
917 1452 1065 1518 Sen.
1110 1453 1380 1534 Thyest.
1414 1450 1555 1531 795,
1601 1449 1719 1516 ubi
1762 1453 2012 1516 vocat
2040 1467 2345 1514 auroram
2375 1449 2486 1515 vel
2517 1449 2777 1532 stellas;
2821 1451 3093 1518 nuntiat

723 1558 843 1620 aut
886 1553 1072 1619 ducit
1114 1558 1372 1619 noctem
1435 1552 1693 1618 diemve
1713 1551 1764 1635 ²)
1824 1551 2125 1633 plurimis
2181 1555 2522 1634 poetarum
2582 1551 2761 1636 locis,
2822 1572 3093 1635 quorum

724 1657 897 1739 eligo
944 1656 1072 1723 Cic.
1119 1657 1296 1722 FPR
1352 1675 1411 1737 p.
1457 1655 1601 1735 298,
1650 1656 1719 1736 1;
1779 1654 1898 1721 Ov.
1958 1653 2155 1720 Trist.
2199 1654 2308 1719 III
2366 1653 2428 1735 5,
2483 1655 2600 1736 55,
2660 1656 2816 1722 Her.
2875 1657 3092 1738 Epist.

724 1759 926 1825 XVII
984 1760 1138 1839 112;
1205 1759 1403 1841 Verg.
1441 1757 1606 1823 Aen.
1666 1756 1737 1822 II
1781 1757 1942 1838 8Ο2;
1994 1756 2141 1822 Sen.
2194 1756 2472 1821 Phaedr.
2525 1758 2669 1839 749,
2721 1759 2891 1824 Med.
2947 1760 3093 1841 878,

725 1862 996 1945 Thyest.
1044 1861 1190 1944 793,
1234 1861 1406 1926 Med.
1447 1862 1546 1925 71.

896 1963 1146 2031 Similis
1204 1965 1522 2045 quaedam
1596 1961 1917 2044 cogitatio
1977 1963 2235 2044 subest,
2297 1963 2411 2029 ubi
2470 1964 2803 2044 Vesperus
2863 1964 3093 2031 stella-

724 2086 870 2133 rum
916 2072 1252 2147 tamquam
1296 2066 1620 2131 bubulcus
1665 2070 1786 2130 aut
1831 2071 2049 2131 custos
2094 2064 2357 2131 dicitur.
2460 2065 2682 2132 Habet
2726 2067 2901 2133 hanc
2958 2067 3092 2149 opi-

724 2169 983 2235 nionem
1044 2168 1324 2234 Ovidius
1383 2168 1547 2232 Met.
1588 2167 1658 2232 H
1704 2169 1862 2232 114:
1920 2167 2177 2244 Stellae,
2247 2187 2518 2248 quarum
2573 2170 2831 2251 aymina
2882 2171 3040 2251 eoyil
3082 2170 3092 2254 Ι

724 2272 988 2353 Due-iser
1041 2274 1100 2333 et
1160 2271 1316 2334 caeli
1369 2270 1630 2333 statione
1673 2269 2046 2333 novissimus
2103 2270 2257 2350 πῶς
2315 2270 2559 2336 similia
2616 2273 2934 2354 leguntur
2972 2272 3094 2341 ΟΥ.

725 2375 886 2440 Met.
930 2374 1033 2440 XI
1072 2372 1158 2438 97
1176 2398 1190 2454 ;
1235 2370 1383 2438 Sen.
1421 2373 1616 2438 Herc.
1661 2371 1787 2438 fur.
1828 2373 1971 2438 128.
2057 2373 2340 2454 Propter
2369 2373 2645 2439 celerem
2694 2374 2833 2441 eius
2878 2380 3090 2442 astro-

729 2495 1002 2559 rumque
1034 2481 1331 2542 exortum
1376 2480 1447 2541 et
1476 2475 1838 2560 interitum,
1884 2493 2074 2556 quem
2106 2474 2306 2558 fugae
2352 2476 2818 2561 assimilarunt,
2863 2479 2945 2544 de
2989 2478 3088 2545 in·

725 2580 1003 2646 imicitia
1034 2583 1318 2661 quadam
1349 2598 1495 2645 cum
1526 2578 1796 2660 reliquis
1825 2577 2152 2645 sideribus
2191 2578 2646 2646 intercedente
2676 2580 3089 2663 cogitarunt:

723 2685 913 2765 fuyat
969 2687 1144 2747 astra
1188 2682 1361 2767 (Seu.
1406 2682 1670 2763 Apocol.
1716 2681 1814 2747 IV
1857 2701 1918 2748 V.
1962 2681 2072 2766 25)
2113 2682 2286 2764 fuyit
2327 2682 2513 2746 solem
2554 2683 2649 2746 vel
2689 2682 2851 2746 diem
2896 2683 3090 2768 (Eun.

727 2788 894 2852 Ann.
939 2788 1065 2854 547
1111 2786 1335 2867 Vahl.;
1412 2786 1568 2850 Hor.
1629 2804 1829 2850 carm.
1890 2784 1959 2850 II
2001 2785 2059 2867 9,
2107 2786 2219 2867 12;
2284 2785 2442 2851 Luc.
2500 2786 2729 2851 PharS.
2787 2786 2860 2851 II
2921 2786 3090 2872 724).

728 2889 957 2970 Neque
999 2893 1220 2954 tamen
1264 2889 1635 2971 putaverim
1681 2887 1786 2953 his
1828 2888 2082 2954 duabus
2140 2886 2542 2970 imaginibus
2598 2888 2856 2956 servari
2900 2887 3090 2955 nobis

724 2990 1111 3074 primariam
1154 2993 1480 3073 quandam
1527 2989 1863 3056 rudissimi
1907 2989 2129 3071 populi
2191 2988 2464 3056 formam
2508 2991 2864 3074 cogitandi,
2922 3010 3091 3073 quae

728 3095 962 3161 stellas
1023 3112 1140 3175 pro
1186 3092 1457 3159 caelesti
1514 3110 1749 3172 pecore
1810 3091 2121 3157 habuerit
2186 3097 2306 3158 aut
2365 3095 2446 3159 de
2512 3112 2739 3175 pugna
2801 3092 3093 3174 quotidie

725 3197 904 3262 inter
931 3197 1146 3262 lucem
1170 3199 1240 3261 et
1273 3194 1622 3277 caliginem
1659 3192 2003 3259 commissa
2048 3193 2465 3277 cogitaverit.
2488 3205 2494 3214 '
2517 3196 2722 3261 Immo
2746 3200 3092 3262 consuetu·

726 3298 945 3365 dinem
989 3299 1305 3364 habemus
1345 3296 1606 3363 dicendi
1635 3315 1816 3363 mere
1858 3296 2201 3379 poeticam.

898 3399 1386 3466 Nobilissimum
1465 3407 1685 3466 autem
1745 3400 2043 3480 Hespero
2114 3399 2401 3466 officium
2458 3401 2683 3465 datum
2762 3406 2937 3484 erat,
3016 3405 3093 3468 ut

728 3504 972 3567 lumina
1019 3501 1370 3566 accenderet
1413 3501 1636 3586 (Verg.
1682 3501 1758 3567 G.
1806 3503 1842 3567 I
1880 3501 2033 3587 251)
2079 3503 2162 3567 ad
2206 3501 2547 3568 faciendas
2589 3502 2876 3586 nuptias,
2921 3505 3093 3584 quod

727 3625 765 3672 e
818 3624 996 3672 more
1060 3603 1404 3670 oriebatur
1462 3607 1733 3686 nuptam
1796 3623 2032 3685 sponso
2105 3603 2455 3687 ingruente
2515 3610 2709 3671 nocte
2762 3606 3092 3672 tradendi.

724 3706 943 3774 Huius
1001 3706 1261 3788 insigne
1306 3707 1673 3787 exemplum
1739 3713 1845 3772 est
1890 3705 2138 3773 Catulli
2196 3725 2459 3772 carmen
2503 3707 2733 3791 LXII,
2791 3708 3092 3775 doctrina

726 3809 986 3877 Graeca
1029 3808 1295 3891 penitus
1352 3809 1719 3891 perfusum3
1779 3811 2135 3890 eademque
2181 3809 2515 3875 sententia
2571 3809 2859 3875 recurrit
2917 3812 3093 3892 apud

728 3912 1160 3980 Claudianum
1204 3911 1495 3996 (XXXV
1540 3911 1710 3995 361).
1800 3912 2024 3993 thue
2067 3910 2137 3976 in
2182 3910 2434 3993 nuptiis
2480 3911 2788 3995 splendor
2830 3912 3093 3995 vesperi

904 4099 941 4168 ¹)
978 4101 1046 4155 V.
1095 4114 1263 4168 supra
1306 4115 1360 4168 p.
1398 4098 1466 4152 27
1515 4098 1642 4154 adn.
1680 4098 1729 4152 1.
1777 4097 2117 4153 Testimonia
2162 4096 2360 4152 addam
2412 4097 2604 4153 Oetae:
2652 4098 2772 4154 Cat.
2820 4099 2982 4153 LXII
3029 4100 3090 4167 7;

728 4186 896 4256 Verg.
931 4186 1026 4242 ecl.
1068 4186 1146 4241 VI
1179 4185 1264 4255 86,
1300 4185 1443 4240 VIII
1464 4183 1549 4255 30,
1588 4183 1727 4238 Ciris
1763 4183 1883 4252 350,
1923 4183 2042 4238 Cul.
2079 4183 2210 4251 2023
2252 4182 2504 4252 Olympi:
2540 4185 2708 4254 Verg.
2746 4186 2882 4239 Aen.
2919 4185 2950 4238 I
2970 4185 3090 4253 374,

726 4273 870 4327 VIII
915 4271 1045 4341 2803
1115 4269 1251 4324 Idae
1296 4272 1465 4339 Verg.
1513 4271 1650 4325 Aen.
1699 4270 1758 4324 11
1805 4269 1907 4323 801
1967 4284 2091 4323 cum
2149 4269 2327 4324 Servii
2372 4269 2601 4338 scholio;
2650 4269 2847 4324 Gasiaz
2903 4269 3090 4339 rupis:

724 4358 858 4413 Luc·
894 4358 948 4513 ξ
973 4357 1129 4499 ῧῗιέθ
1164 4442 1328 4498 semel
1372 4442 1540 4496 Ianus
1565 4441 1722 4497 audit
1746 4439 1947 4508 lucifer
1973 4455 2252 4495 annorum
2274 4441 2425 4495 PLM
2459 4441 2541 4496 IV
2566 4457 2618 4509 p.
2642 4440 2746 4495 415
2781 4457 2866 4495 110.
2893 4441 3012 4512 506,
3041 4442 3089 4497 1.
