3576 5085
549 449 669 529 ³87]
1008 446 1090 500 De
1125 445 1410 500 stellarum
1447 445 1812 514 appellatione
1848 452 1906 500 et
1940 444 2206 514 religione
2240 446 2486 500 Romana
2802 448 2928 512 179

545 619 878 696 occurrit,
939 617 1236 700 plerique
1298 615 1560 682 Orionis
1621 615 1879 681 nomine
1939 620 2249 698 utuntur,
2310 619 2481 697 quod
2526 617 2925 684 Graecorum

546 721 945 789 ‘vocabulum
1005 722 1166 785 adeo
1226 718 1472 801 viguit,
1532 724 1608 784 ut
1670 719 1777 784 vel
1838 721 2013 800 apud
2072 718 2425 800 scriptores
2478 720 2577 785 rei
2634 720 2926 786 rusticae

555 823 841 906 patriam
886 823 1215 888 notionem
1259 820 1674 903 represserit,
1734 821 1864 887 nisi
1922 823 2091 902 quod
2151 822 2354 887 semel
2413 822 2483 887 in
2529 823 2926 888 Columellae

545 926 823 1008 scriptis
867 926 972 991 XI
1014 928 1074 1006 2,
1120 925 1203 989 76
1247 925 1332 990 ab
1378 942 1505 989 uno
1569 924 1790 989 codice
1853 923 2122 990 additur
2179 924 2602 989 tantummodo
2678 926 2928 1006 iuyulae

544 1031 927 1093 exoriuntur
969 1047 1225 1108 vespere.

732 1130 1013 1211 Orion,
1073 1131 1297 1192 -onis
1357 1147 1582 1195 masc:
1643 1133 1818 1195 teste
1881 1130 2179 1195 Varrone
2238 1129 2367 1194 iam
2437 1132 2612 1211 apud
2656 1129 2925 1196 Accium

546 1235 907 1316 legebatur
951 1233 1038 1316 (v.
1080 1233 1206 1298 693
1252 1231 1488 1316 Ribb.).
1577 1232 1827 1297 Nomen
1873 1238 1974 1297 est
2019 1251 2055 1297 e
2095 1232 2491 1298 Graecorum
2540 1231 2781 1298 fabulis
2827 1251 2927 1298 re-

548 1341 815 1419 ceptum
859 1334 1185 1401 notissimi
1218 1333 1398 1399 illius
1427 1334 1783 1417 venatoris,
1832 1353 2022 1416 quem
2054 1334 2184 1399 iam
2222 1335 2544 1400 Homerus
2588 1341 2925 1416 tamquam

544 1439 815 1504 ‘heroem
862 1437 1004 1521 (Od
1049 1437 1153 1502 XI
1196 1437 1323 1501 572
1349 1437 1511 1520 sqq.)
1557 1442 1627 1502 et
1671 1436 1855 1502 sidus
1902 1437 2002 1520 (Il.
2048 1437 2286 1502 XVIII
2315 1439 2461 1520 486,
2506 1436 2621 1503 Od.
2668 1439 2728 1503 V
2773 1438 2925 1521 274)

544 1541 758 1607 novit.
831 1541 1158 1623 Quomodo
1204 1545 1465 1605 veteres
1511 1540 1755 1606 Graeci
1799 1540 1867 1605 in
1910 1540 2158 1622 iugulis
2201 1540 2525 1605 hominem
2570 1545 2925 1606 venantem

548 1643 1046 1726 conspexerint,
1118 1641 1354 1708 videas
1423 1644 1599 1724 apud
1673 1643 2063 1709 Thileum
2136 1643 2366 1705 Antike
2425 1642 2928 1706 Himmelsbilder

546 1766 616 1827 p.
657 1747 782 1811 120
822 1746 1082 1826 passim.
1170 1744 1420 1827 Quales
1465 1744 1728 1810 fabulas
1772 1749 2035 1811 veteres
2080 1746 2162 1810 de
2204 1744 2441 1811 Orione
2502 1746 2926 1811 narraverint

546 1853 626 1914 -et
658 1850 970 1929 quomodo
1000 1866 1232 1912 nomen
1266 1846 1407 1912 eius
1441 1846 1939 1929 explicaverint,
1971 1847 2040 1911 id
2073 1852 2331 1912 tantum
2363 1866 2925 1913 commemoremus

549 1955 881 2030 quatenus
925 1949 1156 2014 Latini
1204 1953 1509 2014 auctores
1556 1967 1639 2014 ex
1682 1948 1786 2014 his
1830 1949 2199 2038 pendent.¹)

729 2069 897 2135 Aevi
957 2068 1127 2135 enim
1175 2069 1507 2152 Augustei
1569 2075 1810 2150 poetae
1856 2069 2157 2136 Orionem
2218 2069 2288 2135 in
2347 2070 2601 2135 deliciis
2659 2071 2925 2135 habent.

548 2172 877 2239 Graecum
913 2190 983 2237 se
1030 2172 1374 2238 celebrare
1419 2172 1597 2236 haud
1633 2172 1977 2255 ignorant,
2044 2191 2186 2237 cum
2249 2172 2629 2237 accusativo
2688 2191 2925 2254 graeco

548 2280 831 2341 ‘ut-antur
876 2274 1112 2338 Oriona
1158 2274 1242 2359 (v,
1274 2295 1325 2341 c.
1361 2274 1477 2341 Ov.
1521 2276 1704 2340 Fast.
1751 2276 1813 2341 V
1843 2276 1986 2359 493,
2032 2276 2206 2340 Man.
2253 2276 2286 2340 I
2317 2277 2460 2357 387,
2507 2275 2677 2342 Stat.
2724 2276 2926 2342 Theb.

547 2378 659 2443 IX
703 2379 872 2462 461).
978 2378 1267 2458 Cumque
1326 2377 1594 2459 saepius
1654 2378 2051 2444 Graecorum
2112 2384 2346 2459 poetae
2405 2377 2680 2443 formam
2741 2377 2925 2442 adhi-

553 2481 822 2548 buerint
868 2479 1126 2565 Ὠαρίων
1171 2481 1257 2566 (v.
1305 2480 1558 2547 Gallim.
1603 2482 1820 2563 hymn.
1865 2481 1973 2546 III
2020 2480 2187 2566 265),
2247 2482 2420 2547 hanc
2466 2499 2717 2563 quoque
2762 2479 2925 2546 reci-

553 2585 750 2666 piunt
816 2584 982 2669 (Cat.
1050 2585 1278 2650 LXVI
1345 2586 1455 2667 94,
1515 2586 1670 2650 Rut.
1734 2586 1916 2649 Nam.
1978 2585 2013 2649 I
2072 2586 2198 2649 637
2245 2615 2328 2639 =
2372 2585 2558 2649 PLM
2605 2586 2665 2650 V
2724 2603 2782 2664 p.
2829 2585 2930 2666 27,

549 2688 882 2753 Paconius
943 2687 1119 2752 FPR
1165 2688 1309 2769 361,
1377 2687 1458 2772 1).
1576 2687 1956 2753 Narrabant
2020 2692 2242 2753 autem
2304 2692 2567 2753 veteres
2626 2687 2930 2754 Orionem

552 2795 773 2854 ortum
807 2808 950 2853 esse
984 2808 1064 2853 ex
1112 2788 1362 2853 semine
1393 2789 1571 2855 Iovis
1615 2790 1908 2871 Neptuni
1940 2790 2285 2855 Mercurii:
2332 2786 2576 2871 ἐγένετο
2622 2792 2655 2851 ὁ
2689 2788 2932 2874 Οὖρίων

556 2890 771 2965 οὕτως
814 2888 1211 2970 ὀνομασθεὶς
1255 2889 1365 2955 διὰ
1407 2889 1480 2954 τὸ
1528 2890 1792 2976 οὐρῆσαι
1819 2892 1968 2967 τοὺς
1996 2894 2195 2966 θεούς
2239 2893 2579 2976 (Palaeph.
2619 2892 2714 2956 LI
2751 2911 2812 2972 p.
2847 2894 2927 2957 71

564 2993 808 3078 Festa).
896 2993 1088 3059 Unde
1133 2994 1306 3060 idem
1353 2994 1784 3076 veriloquium
1847 2998 2018 3076 apud
2068 2995 2374 3062 Ovidium
2418 2994 2701 3060 recurrit
2746 2995 2930 3060 Fast.

553 3097 621 3161 V
664 3098 788 3163 531
817 3114 927 3179 sq.,
972 3098 1144 3179 Hyg.
1190 3102 1349 3163 astr.
1395 3098 1467 3164 II
1497 3099 1581 3164 34
1624 3119 1685 3180 p.
1733 3100 1817 3163 72
1834 3098 1963 3184 B,2)
2009 3099 2164 3163 Isid.
2201 3098 2363 3180 orig.
2402 3097 2510 3162 III
2540 3098 2638 3180 70,
2673 3097 2769 3180 10,
2817 3097 2929 3178 qui

552 3204 782 3264 tamen
814 3217 941 3264 non
975 3200 1056 3263 de
1089 3201 1348 3264 deorum
1383 3200 1649 3283 semine,
1694 3203 1812 3266 sed
1841 3200 1916 3262 ab
1946 3203 2156 3282 urina,
2184 3200 2253 3262 id
2289 3207 2377 3263 est
2403 3200 2482 3262 ab
2523 3199 2932 3263 inundatione

550 3321 874 3384 aquarum
907 3300 1212 3368 Orionem
1253 3294 1654 3384 appellatum
1693 3303 2051 3368 contendit.
2140 3304 2504 3368 Praeterea
2547 3302 2713 3367 nihil
2746 3308 2928 3367 nota-

557 3404 693 3469 bile
754 3405 834 3469 de
893 3404 1153 3469 nomine
1212 3404 1282 3470 in
1342 3405 1639 3488 singulis,
1705 3404 1838 3471 nisi
1899 3407 2069 3486 quod
2128 3405 2419 3471 Isidorus
2480 3407 2559 3471 de
2612 3411 2746 3471 nat.
2804 3424 2928 3470 rer.

550 3507 792 3574 XXVI
837 3509 877 3573 8
928 3506 1192 3571 Orione-s
1233 3507 1585 3589 pluraliter
1622 3508 1827 3592 novit,
1873 3508 2119 3574 maiore
2151 3508 2490 3573 stellarum
2539 3526 2806 3573 numero
2851 3513 2929 3574 ut

552 3609 876 3690 pluralem
942 3609 1198 3675 faceret
1241 3610 1526 3676 fortasse
1586 3613 1808 3676 eodem
1867 3613 2054 3676 modo
2115 3612 2441 3676 adductus
2501 3629 2625 3691 quo
2684 3609 2759 3692 is,
2815 3610 2927 3692 qui

556 3711 807 3791 primus
868 3713 1125 3795 iuqulas
1181 3712 1384 3778 dixit:
1461 3714 1834 3795 appellatae
1905 3718 2129 3778 autem
2193 3719 2348 3778 sunt
2414 3731 2633 3778 omnes
2691 3713 2927 3778 stellae

738 3918 777 3984 ¹)
812 3918 1044 3986 Reliqua
1080 3918 1206 3973 vide
1242 3935 1276 3972 a
1310 3918 1654 3973 Kiintzlio
1690 3919 1890 3973 collata
1925 3918 1982 3973 in
2018 3917 2358 3974 Roscheri
2394 3916 2547 3972 lexic.
2586 3917 2811 3985 mythol.
2836 3918 2927 3971 III

562 3999 702 4055 1018
718 4018 860 4071 sqq.;
908 4018 1082 4071 neque
1117 4003 1282 4058 affero
1318 4004 1551 4059 Pottii
1598 4003 1823 4075 (Kulms
1855 4002 2184 4072 Zeitschrift
2215 4004 2298 4058 VI
2333 4003 2456 4070 273)
2504 4008 2603 4058 aut
2638 4002 2926 4057 Maassii

552 4087 618 4154 (1.
656 4086 691 4141 l.
727 4103 780 4156 p.
819 4087 939 4157 117)
977 4089 1354 4159 etymologias,
1391 4105 1532 4158 quae
1567 4105 1821 4156 graecam
1856 4090 2142 4160 originem,
2191 4105 2297 4144 non
2345 4088 2575 4143 latinam
2625 4088 2925 4144 necessario

553 4177 827 4241 spectent.

735 4258 776 4327 ²)
814 4260 1054 4313 Buttm
1071 4276 1291 4314 annus
1326 4261 1361 4314 l.
1398 4277 1440 4315 3.
1475 4278 1528 4330 p.
1565 4261 1634 4314 62
1668 4262 1810 4316 hanc
1843 4260 2100 4315 fabellam
2137 4267 2355 4315 secutus
2391 4270 2607 4315 veteres
2642 4257 2793 4313 sidus
2828 4275 2924 4327 pro

551 4344 701 4412 pelle
742 4344 942 4399 bovina
975 4344 1248 4414 habuisse,
1296 4362 1459 4414 quam
1507 4347 1585 4401 dii
1631 4346 2063 4414 comminxerint,
2112 4345 2304 4402 edixit.
2387 4346 2539 4412 Quod
2575 4343 2729 4399 nulla
2774 4343 2926 4399 illius

550 4428 753 4485 sideris
790 4430 1159 4499 appellatione
1194 4431 1561 4488 confirmatur.
