3576 5085
536 425 650 515 49]
988 425 1070 479 De
1105 425 1388 479 stellarum
1424 423 1793 492 appellatione
1830 429 1885 477 61
1920 422 2185 491 religione
2219 423 2466 477 Romana
2782 424 2905 489 141

538 598 863 681 arcturus)
910 601 979 661 et
1010 599 1351 677 poetarum
1383 594 1773 676 Ciceronem,
1820 593 1932 674 qui
1966 552 2248 658 Aratum
2281 593 2577 659 imitatus
2623 593 2786 660 dicit
2827 595 2910 659 de

538 701 737 767 stella
782 697 1106 782 singulari
1154 698 1338 763 Arat.
1384 716 1446 763 v.
1491 699 1618 776 304
1635 715 1759 778 sq.:

850 819 1093 884 existet
1141 817 1397 898 pariter
1440 817 1634 899 larga
1678 835 1823 882 cum
1861 819 2008 883 luce
2051 817 2291 882 Bootes

850 922 1037 987 cuius
1084 921 1152 985 in
1200 922 1481 987 adversa
1516 924 1618 985 est
1662 921 1992 985 Arcturus
2039 938 2305 1000 corpore
2356 920 2542 984 fixus

713 1075 1089 1142 Posteriore
1136 1078 1355 1139 autem
1402 1092 1564 1140 aevo
1609 1074 1860 1139 factum
1906 1079 2026 1155 est,
2086 1078 2162 1138 ut
2207 1093 2248 1138 a
2293 1072 2556 1138 Latinis
2615 1072 2793 1139 inter
2837 1090 2909 1138 se

537 1179 1096 1247 confunderentur
1143 1181 1367 1242 arctus
1414 1182 1482 1241 et
1529 1175 1912 1259 arcturus.¹)
2002 1176 2223 1241 Testis
2284 1180 2388 1241 est
2430 1174 2740 1257 Isidorus,
2799 1174 2910 1256 qui

538 1285 623 1348 oe
667 1286 804 1347 nat.
851 1300 977 1346 rer.
1021 1279 1254 1344 XXVI
1284 1280 1324 1344 3
1370 1279 1561 1344 dicit:
1607 1279 1931 1341 Arcturus
1957 1282 2044 1341 est
2088 1261 2194 1342 {zze
2237 1297 2413 1358 quem
2446 1278 2631 1342 latim
2672 1282 2910 1360 septen-

538 1386 803 1448 trionem
833 1382 1068 1460 dicunt,
1116 1386 1183 1447 et
1220 1382 1415 1463 paulo
1458 1381 1664 1446 infra:
1700 1401 1820 1462 per
1861 1380 2027 1444 hunc
2069 1385 2394 1444 arcturum
2437 1379 2507 1443 iol
2549 1384 2638 1443 est
2675 1385 2910 1463 septen-

539 1489 821 1551 trionem.
933 1485 1091 1550 Cum
1149 1484 1405 1550 Isidoro
1456 1484 1716 1549 faciunt
1776 1484 1973 1549 Arati
2031 1483 2432 1565 interpretes
2493 1483 2911 1567 recentioreS,

541 1610 602 1658 v.
645 1590 724 1655 E.
769 1590 1077 1669 MaaSS,
1123 1587 1476 1653 Comment.
1528 1587 1597 1652 in
1644 1587 1840 1652 Arati
1887 1587 2029 1652 rell.
2086 1606 2147 1667 p.
2192 1586 2318 1652 104
2370 1582 2626 1671 (Ἄρκτοι
2671 1584 2785 1648 δύο
2826 1615 2911 1641 =

539 1693 808 1757 Arcturi
837 1691 1005 1775 cluo),
1049 1692 1173 1756 134
1205 1688 2049 1774 (Αρκτοφύλαξεᾼνοίανί
2079 1689 2320 1773 custos),
2368 1689 2494 1754 180
2512 1708 2651 1769 sqq.
2695 1689 2795 1771 aL,
2842 1694 2912 1755 et

537 1794 742 1861 schol.
789 1794 1005 1860 Germ.
1049 1795 1235 1858 Arat.
1280 1813 1343 1874 p.
1375 1793 1517 1874 114,
1556 1793 1597 1856 4
1642 1792 1825 1857 6119
1872 1793 2128 1873 Breys.:
2175 1791 2495 1854 Arcturus
2538 1793 2757 1872 minor,
2803 1793 2913 1872 qui

538 1919 583 1961 a
622 1897 913 1977 pluribus
956 1895 1279 1976 Phoenice,
1339 1914 1377 1956 a
1442 1893 1699 1957 Graecis
1756 1892 2201 1973 Arctophylax,
2263 1914 2304 1955 a
2361 1894 2684 1957 nonnullis
2740 1897 2914 1958 canis

536 1998 744 2062 cauda
815 2002 1083 2062 vocatur.
1200 1997 1382 2061 Idem
1459 2013 1640 2060 error
1700 1996 1876 2076 apud
1944 1995 2300 2076 scriptores
2362 1995 2771 2061 Christianos
2843 1997 2913 2062 in

545 2099 1032 2166 commentariis
1075 2117 1305 2164 sacrae
1351 2097 1723 2178 scripturae
1756 2097 2041 2162 adiectis
2085 2097 2349 2180 legitur,
2394 2097 2544 2163 vide
2588 2097 2912 2182 Hierony-

543 2221 718 2267 mum
765 2204 857 2266 ad
897 2201 1136 2266 librum
1181 2200 1297 2265 Iob
1351 2199 1687 2264 XXXVII
1732 2200 1790 2281 9,
1835 2200 2209 2265 XXXVIII
2254 2202 2355 2266 31.

711 2321 900 2402 Quae
947 2339 1092 2384 cum
1137 2319 1236 2384 ita
1294 2319 1448 2400 sint,
1508 2337 1635 2384 non
1694 2318 1826 2384 nisi
1874 2321 2067 2384 docta
2127 2322 2410 2400 quadam
2461 2321 2914 2387 recordatione

539 2424 791 2490 factum
843 2441 986 2488 esse
1033 2423 1320 2505 videtur,
1368 2424 1535 2503 quod
1582 2424 1757 2502 apud
1802 2423 2189 2487 Latinorum
2233 2429 2520 2504 nepoteS,
2564 2423 2675 2505 qui
2719 2424 2914 2490 hodie

539 2531 717 2608 sunt,
749 2546 908 2594 vera
938 2524 1300 2608 appellatio
1332 2524 1727 2591 resurrexit:
1773 2529 1956 2591 recte
1987 2531 2308 2607 occupant
2338 2526 2500 2592 Itali
2533 2531 2602 2592 et
2631 2526 2914 2609 Hispani

541 2648 766 2698 vocem
809 2632 1086 2692 Arcturo
1131 2648 1246 2709 pro
1292 2628 1540 2709 sidere;
1585 2628 2045 2711 Francogallis
2092 2634 2197 2695 est
2240 2629 2590 2714 Arcture.²)

713 2750 816 2815 De
860 2748 1142 2814 nominis
1204 2747 1568 2829 veriloquio
1613 2767 1829 2829 pauca
1888 2754 2148 2813 tantum
2204 2750 2456 2814 addam.
2502 2749 2769 2816 Servius
2828 2751 2914 2815 ad

545 2852 743 2933 Verg.
787 2851 951 2916 Aen.
995 2851 1031 2916 I
1080 2852 1205 2915 744
1268 2851 1642 2917 contendit:
1703 2852 2028 2915 Arcturus
2084 2851 2263 2914 stella
2320 2855 2407 2914 est
2457 2856 2596 2932 post
2650 2852 2914 2915 caudam

548 2954 804 3017 maioris
848 2972 1032 3016 ursae
1068 2954 1275 3034 posita
1317 2956 1389 3017 in
1430 2955 1610 3035 siqno
1652 2953 1911 3031 Bootae,
1965 2953 2133 3017 unde
2169 2952 2530 3038 Ἀρκτοῦρος
2584 2953 2750 3018 elicta
2810 2960 2913 3032 est,

546 3056 732 3136 quasi
775 3053 1032 3138 Ἄρκτου
1079 3053 1310 3140 οὐρά.3)
1413 3056 1878 3123 Recentiorum
1924 3056 2224 3123 Servium
2280 3057 2455 3123 solus
2501 3061 2767 3122 secutus
2813 3062 2915 3123 est

546 3159 612 3225 J.
657 3157 1017 3223 Vossius
1058 3158 1099 3223 l.
1144 3159 1186 3223 l.
1218 3179 1267 3224 s.
1312 3177 1374 3224 v.
1407 3165 1642 3224 arctos.
1730 3159 1863 3224 Sed
1906 3178 2035 3224 non
2066 3160 2304 3224 docent
2348 3159 2436 3240 hi,
2481 3177 2611 3240 qua
2654 3160 2914 3225 ratione

546 3258 708 3343 οὐρὰ
752 3259 997 3325 abierit
1042 3259 1111 3324 in
1158 3253 1361 3344 οὖρος.
1467 3260 1685 3343 Quare
1751 3262 2070 3343 plaudere
2128 3261 2351 3326 malim
2397 3263 2913 3329 Buttmanno

544 3363 588 3428 l.
633 3382 685 3429 c.
728 3381 788 3443 p.
836 3363 919 3427 28
966 3368 1033 3428 et
1096 3363 1438 3428 Idelero
1483 3364 1526 3429 l.
1570 3383 1621 3429 6.
1680 3383 1740 3444 p.
1785 3365 1888 3447 47,
1936 3364 2050 3445 qui
2114 3362 2365 3430 exitum
2424 3364 2603 3432 vocis
2664 3367 2916 3432 habent

546 3483 662 3545 pro
710 3457 897 3548 οὖρος
942 3465 1002 3530 h.
1043 3484 1096 3531 e.
1143 3467 1430 3548 custode,
1476 3465 1574 3531 ita
1612 3471 1689 3531 ut
1734 3463 2081 3550 ἀρκτοῦρος
2123 3466 2296 3532 idem
2343 3466 2435 3532 sit
2480 3469 2649 3548 quod
2694 3465 2919 3553 ἀρκτο-

544 3565 784 3650 φύλαξ.
837 3567 1022 3649 Quae
1055 3567 1538 3649 cognominatio
1570 3567 1769 3633 facile
1793 3570 2150 3651 oriebatur,
2181 3569 2296 3634 ubi
2326 3588 2522 3636 ursae
2554 3571 2916 3652 appellatio

546 3670 915 3735 constabat.
1020 3669 1382 3752 Quaeritur
1440 3675 1663 3736 tamen
1721 3676 1945 3737 utrum
2007 3671 2343 3739 custodiat
2400 3690 2623 3737 ursam
2687 3692 2772 3738 an
2834 3674 2918 3740 ab

727 3891 762 3960 ¹)
802 3891 979 3946 Simili
1017 3892 1170 3946 modo
1207 3891 1264 3946 in
1313 3892 1538 3959 plantae
1585 3891 1867 3946 cuiusdam
1903 3892 2118 3947 nomine
2175 3892 2371 3948 dubius
2421 3898 2510 3948 est
2540 3893 2753 3949 Plinius
2789 3895 2916 3951 Nat.

552 3975 681 4030 hist.
719 3977 934 4032 XXVII
967 3977 1060 4030 33:
1100 3976 1337 4030 Arction
1371 3977 1549 4045 aliqui
1577 3978 1770 4046 potius
1807 3981 2098 4033 arcturum
2131 3981 2343 4033 vocant.

721 4060 763 4130 ²)
800 4063 915 4117 Hoc
950 4078 1142 4117 nomen
1176 4062 1474 4130 reprimere
1510 4067 1792 4130 tamquam
1822 4080 2102 4133 paganum
2140 4081 2182 4119 s,
2216 4065 2363 4121 XVI.
2402 4065 2702 4120 Christiani
2736 4067 2919 4121 conati

540 4153 681 4202 sunt
727 4148 944 4202 stellam
997 4149 1259 4203 Elisam
1320 4153 1418 4203 aut
1464 4148 1866 4203 Nimrodum
1914 4150 2268 4220 appellanteS,
2321 4168 2373 4206 v.
2434 4151 2913 4220 Bartschium,

545 4232 1035 4302 Planiephaerium
1070 4251 1121 4303 p.
1157 4233 1227 4287 80
1261 4251 1303 4288 S.
1340 4251 1390 4289 v.

722 4319 762 4386 ³)
799 4319 935 4373 Cum
982 4318 1169 4374 Servio
1222 4320 1513 4374 concinunt
1562 4335 1613 4374 v.
1663 4336 1706 4374 c.
1760 4321 1949 4375 Isidor.
2001 4321 2139 4391 orig.
2188 4321 2278 4376 111
2314 4322 2394 4392 70,
2432 4323 2465 4376 9
2519 4329 2576 4377 et
2622 4321 2916 4377 scholiasta

539 4403 858 4459 Germanici
893 4404 1047 4459 modo
1083 4404 1340 4459 laudatus
1377 4404 1554 4473 (canis
1588 4404 1805 4471 cauda).

650 4504 1291 4559 Religionsgeschichtliche
1318 4506 1558 4553 Versuche
1586 4517 1632 4550 u.
1661 4507 1980 4553 Vorarbeiten
2006 4509 2091 4553 III.
2543 4492 2608 4545 10
