3576 5085
683 378 812 443 222
1583 372 1887 429 Guilelmus
1923 372 2138 427 Gundel
2897 372 3061 462 [130

684 550 897 614 Vetus
939 546 1060 612 illa
1090 544 1426 627 popularis
1457 543 1675 626 opinio
1709 545 1790 609 de
1825 542 2011 609 aeria
2055 543 2420 609 animarum
2455 545 2743 626 corporis
2773 545 3060 613 vinculis

685 652 1052 717 solutarum
1112 648 1260 715 vita
1303 646 1513 713 tradit
1556 647 1985 729 Pythagorae
2032 648 2202 727 quod
2255 647 2473 713 fertur
2517 666 2711 713 carm.
2755 668 2893 715 aur.
2940 650 3057 715 70:

996 750 1069 835 ἥν
1114 747 1173 813 δ’
1220 747 1596 832 ἀπολείψας
1639 759 1828 829 σῶμα
1873 744 1938 825 ἐς
1981 745 2201 834 αἰθέρ’
2247 744 2586 835 ἐλεύθερον
2627 746 2846 836 ἔλθῃς,

994 850 1215 917 ἔσσεαι
1259 850 1604 928 ἀθανατός,
1649 850 1807 928 θεός
1851 851 2192 937 ἄμβροτος,
2244 850 2359 915 οὐκ
2402 848 2497 915 ἔτι
2539 852 2790 938 θνητός.

684 958 869 1024 Haec
930 958 1214 1022 adaucta
1268 961 1370 1021 est
1430 975 1536 1039 eo,
1598 957 1770 1037 quod
1828 954 1898 1020 hi
1971 953 2077 1021 dei
2152 955 2389 1020 stellae
2459 956 2986 1038 appellabantur.
3003 957 3057 1039 1)

684 1061 900 1127 Multa
940 1061 1147 1127 verba
1176 1058 1343 1125 facit
1372 1057 1848 1139 Aristophanes
1891 1056 1960 1122 in
1993 1058 2170 1123 Pace
2200 1057 2532 1124 comoedia
2560 1058 2716 1125 inde
2747 1078 2789 1124 a
2819 1078 2878 1126 v.
2909 1060 3059 1143 820,

684 1163 799 1230 ubi
846 1164 1194 1246 Trygaeus
1239 1181 1275 1227 e
1320 1162 1502 1228 caelo
1546 1162 1755 1227 redux
1799 1165 2034 1226 narrat
2096 1179 2266 1241 quae
2310 1160 2487 1226 inter
2547 1165 2735 1227 astra
2777 1162 3055 1229 viderit:

685 1285 800 1332 eas
847 1284 995 1331 esse
1039 1263 1291 1330 animas
1345 1262 1735 1345 mortalium,
1794 1263 2030 1344 quibus
2088 1268 2227 1328 tum
2275 1262 2665 1330 accessisset
2720 1270 3056 1345 tamquam

685 1388 859 1437 nova
917 1368 1119 1433 stella
1176 1366 1294 1433 Ion
1354 1370 1551 1448 poeta
1599 1366 1928 1449 tragicuS,
1988 1367 2073 1432 ab
2133 1365 2457 1432 universis
2516 1366 2716 1433 astris
2760 1366 3060 1435 Luciferi

684 1470 942 1537 nomine
987 1469 1335 1535 salutatus,
1421 1469 1516 1534 Et
1545 1487 1784 1535 revera
1813 1468 2018 1534 fuisse
2058 1467 2235 1533 inter
2261 1468 2726 1553 AthenienseS,
2773 1470 2886 1551 qui
2929 1470 3060 1536 tali

686 1581 1166 1657 καταστερισμῷ
1210 1571 1402 1638 fidem
1446 1572 1787 1654 haberent,
1835 1589 1872 1636 e
1916 1571 2247 1637 nonnullis
2306 1570 2525 1637 titulis
2576 1572 3059 1654 sepulcralibus

685 1677 918 1760 elucet,
965 1694 1235 1757 quorum
1276 1673 1457 1760 duos]
1485 1679 1710 1739 tresve
1755 1674 2044 1739 afferam.
2131 1674 2318 1740 Unus
2363 1673 2580 1740 editus
2625 1680 2728 1740 est
2771 1674 3058 1740 Bulletin

687 1779 760 1844 de
804 1777 1192 1861 correspond.
1232 1777 1444 1843 hellen.
1478 1777 1648 1842 VIII
1694 1778 1863 1843 1884
1907 1795 2057 1859 pag.
2102 1777 2230 1842 448
2276 1795 2358 1841 no
2398 1777 2511 1842 12:

993 1881 1192 1966 μήτηρ
1237 1881 1323 1966 μή
1366 1902 1447 1961 με
1493 1876 1743 1963 δάκρυε.
1786 1881 1886 1955 τίς
1927 1877 1964 1960 ἡ
2011 1879 2228 1964 χάρις;
2277 1877 2440 1942 ἀλλὰ
2484 1877 2774 1960 σεβάζου.

996 1982 1192 2068 ἀστὴρ
1236 1981 1357 2066 γὰρ
1401 1982 1671 2068 γενόμην
1715 1984 1902 2059 θεοῖς
1946 1979 2388 2066 ἀκρεσπέριος.
2492 2006 2497 2010 ·

684 2087 779 2153 Et
822 2085 1010 2152 Arch.
1055 2089 1245 2170 epiqr.
1289 2085 1452 2151 Mitt.
1496 2106 1612 2149 aus
1659 2083 2037 2149 Oesterreich
2080 2085 2185 2150 XI
2228 2085 2394 2150 1887
2441 2103 2591 2167 pag.
2641 2086 2796 2151 189:

997 2187 1182 2272 ψυχὰ
1228 2186 1303 2251 δέ
1341 2209 1459 2268 μευ
1503 2186 1671 2270 πρὸς
1715 2186 1916 2272 ἄστρα
1960 2186 2071 2250 καὶ
2120 2186 2320 2261 θεοὺς
2364 2182 2491 2272 ἔβη.

688 2291 990 2372 Denique
1036 2289 1535 2356 reminiscamur
1594 2289 2095 2371 epigrammatis
2153 2289 2334 2354 illius
2390 2289 2726 2355 Platonici
2785 2284 3061 2373 ἕσπερος

690 2392 756 2457 ἐν
800 2394 1171 2477 φθιμένοις,
1217 2394 1298 2458 de
1346 2410 1472 2473 quo
1515 2391 1760 2457 dictum
1807 2397 1908 2457 est
1953 2411 2156 2473 supra
2192 2409 2342 2474 pag.
2386 2392 2546 2477 26.2)
2647 2391 2743 2457 Et
2784 2393 3059 2458 eandem

689 2495 1060 2578 opinionem
1105 2499 1409 2578 spectare
1455 2494 1738 2579 videtur,
1783 2497 1954 2576 quod
2012 2499 2409 2562 mortuorum
2455 2494 2778 2577 sepulcris
2821 2494 3059 2562 stellae

690 2599 1020 2665 interdum
1051 2599 1532 2681 insculpuntur,
1570 2618 1632 2667 v.
1661 2598 2068 2680 Antiphanis
2098 2598 2336 2664 stelam
2368 2597 2441 2682 (C
2459 2617 2495 2663 o
2513 2617 2610 2663 nz
2627 2616 2664 2664 e
2692 2597 2823 2663 Att.
2855 2597 3060 2662 Grab-

689 2702 899 2785 reliefs
942 2702 976 2767 I
1021 2704 1156 2768 tab.
1196 2702 1413 2787 XIII).

862 2804 1116 2888 Quibus
1159 2804 1455 2871 omnibus
1485 2807 1883 2886 respondent
1910 2805 2343 2870 Romanorum
2383 2801 2809 2869 imitationes.
2897 2802 3060 2884 Epi-

691 2913 1129 2992 grammatum
1159 2922 1506 2974 memorem
1550 2908 1737 2973 PLM
1781 2907 1890 2972 III
1933 2924 2082 2988 pag.
2127 2907 2249 2970 271
2298 2925 2361 2971 v.
2404 2906 2477 2971 5:

1001 3030 1185 3077 mens
1230 3010 1414 3078 videt
1458 3016 1661 3093 astra,
1705 3009 1893 3091 quies
1936 3007 2174 3074 tumuli
2218 3007 2676 3090 complectitur
2721 3011 2922 3074 artus

689 3115 784 3180 Et
843 3115 1079 3180 stellas
1138 3114 1205 3178 in
1275 3114 1712 3179 Romanorum
1779 3111 2099 3193 sepulcris
2166 3110 2447 3193 conspici
2518 3111 2782 3193 saepius
2847 3130 2889 3177 a
2945 3111 3059 3176 Fr.

690 3217 1113 3283 Biicheler
1152 3217 1222 3282 in
1269 3216 1817 3299 epigrammatum
1864 3214 2246 3281 collectione
2292 3213 2378 3299 (v.
2423 3232 2573 3296 pag.
2604 3214 2731 3279 ’723
2762 3231 2862 3296 ep.
2894 3213 3063 3280 1526

691 3321 931 3402 adnot,
991 3339 1143 3402 pag.
1192 3321 1318 3385 114
1378 3339 1475 3400 ep.
1519 3321 1643 3384 241
1691 3317 1865 3403 adn.)
1926 3321 2483 3383 commemoratur.
2599 3315 2842 3382 Rarius
2900 3333 3062 3383 vero

692 3427 930 3505 poetae
1006 3422 1408 3489 carminibus
1486 3423 1658 3487 hanc
1733 3420 2233 3503 peregrinorum
2299 3417 2665 3485 doctrinam
2731 3416 3064 3499 inserunt;

693 3526 963 3590 adamat
1007 3526 1186 3591 solus
1231 3523 1547 3589 Manilius
1592 3542 1737 3590 eam
1782 3522 2135 3589 defendere
2178 3522 2277 3588 IV
2321 3522 2478 3587 885:

1727 3625 2070 3708 genitique
2116 3623 2483 3690 accedimus
2529 3622 2752 3707 astriS,

1005 3747 1092 3794 an
1137 3727 1406 3794 dubium
1452 3732 1572 3811 est,
1621 3727 1928 3794 habitare
1969 3729 2159 3794 deum
2204 3728 2325 3792 sub
2371 3730 2636 3808 pectore
2679 3729 2903 3791 nostro

1002 3831 1072 3896 in
1117 3831 1498 3912 caelumque
1543 3830 1762 3896 redire
1807 3831 2077 3905 animas,
2125 3829 2435 3910 caeloque
2472 3826 2745 3895 venire?

694 3951 791 4016 Et
823 3951 905 4015 de
941 3949 1219 4017 hominis
1257 3950 1472 4017 animo
1517 3955 1758 4016 cuncta
1801 3952 2218 4033 gubernante
2263 3947 2781 4030 virtutibusque,
2827 3946 3068 4029 quibus

693 4058 961 4137 praeter
1008 4059 1233 4120 cetera
1280 4053 1595 4120 animalia
1639 4052 1846 4134 floret,
1889 4053 2162 4133 loquens
2208 4051 2398 4118 addit
2438 4069 2642 4119 versu
2686 4050 2849 4117 910:

870 4189 910 4260 ¹)
947 4191 1321 4260 Pythagoram
1381 4190 1560 4259 ipsum
1610 4193 1667 4244 et
1712 4189 2000 4244 Platonem
2047 4188 2105 4243 in
2154 4188 2373 4243 stellam
2419 4191 2663 4242 mutatos
2710 4202 2828 4242 esse
2888 4186 3070 4242 tradit

694 4276 859 4331 Mart.
896 4276 1025 4345 Cap.
1061 4276 1120 4330 H
1157 4275 1274 4330 125.

871 4362 914 4430 ¹)
949 4363 1016 4417 V.
1053 4362 1391 4432 Epigramm.
1429 4378 1608 4432 graec.
1646 4376 1714 4415 ex
1748 4360 2021 4430 lapidibus
2057 4361 2301 4416 conlecta
2336 4359 2428 4414 Nr.
2465 4358 2571 4413 650
2604 4374 2656 4413 v.
2698 4357 2762 4411 11
2774 4373 2854 4426 sq.
