3576 5085
508 384 659 472 105]
953 385 1035 439 De
1070 383 1355 439 stellarum
1390 382 1755 451 appellatione
1793 389 1850 436 et
1888 379 2153 449 religione
2187 380 2432 435 Romana
2742 382 2867 447 197

678 557 959 621 Praeter
998 555 1115 621 hos
1146 558 1368 619 autem
1397 551 1671 618 fuerunt
1719 551 1829 633 qui
1865 550 2251 618 derivarent
2281 551 2592 634 Hyadum
2637 571 2873 619 nomen

510 679 552 725 a
599 676 842 742 graeca
883 657 1115 722 littera
1160 657 1234 740 Υ,
1295 674 1566 737 quorum
1613 654 1947 736 antiquior
1990 653 2202 720 forma
2260 653 2391 719 fuit
2440 655 2511 738 V,
2570 653 2640 721 in
2685 655 2872 722 cuius

507 760 859 844 imaginem
905 761 1171 826 suculae
1217 778 1288 825 re
1347 778 1510 826 vera
1553 757 1914 840 dispositae
1962 762 2134 823 sunt.
2223 757 2368 823 Hac
2419 757 2489 823 in
2534 758 2873 825 sententia

506 882 636 930 non
682 881 1052 944 commorer,
1098 861 1402 943 quoniam
1433 880 1474 925 a
1517 860 1834 926 Romanis
1878 860 1990 928 vix
2029 865 2458 941 memoratur3
2507 862 2625 927 sed
2668 861 2875 928 habet

506 986 566 1035 v.
612 986 663 1032 c.
694 965 941 1049 Hygin.
989 965 1190 1031 fabul.
1236 964 1482 1030 CXCII
1533 983 1593 1045 p.
1641 963 1768 1029 145
1786 961 1919 1048 B.1)

676 1068 989 1150 Plerique
1049 1072 1270 1134 autem
1328 1067 1766 1132 Romanorum
1846 1070 2181 1149 auctoreS,
2234 1066 2553 1148 imprimis
2621 1072 2875 1151 poetae,

508 1174 796 1256 hyadum
825 1171 1088 1237 nomine
1131 1173 1411 1236 utuntur
1438 1188 1654 1250 neque
1685 1175 1922 1235 curant
1966 1169 2109 1235 eius
2140 1169 2472 1253 originem.
2561 1170 2877 1251 Adeoque

507 1273 701 1341 huius
745 1273 1054 1341 vocabuli
1098 1291 1253 1339 usus
1300 1272 1585 1356 evanuit,
1631 1277 1708 1338 ut
1750 1273 2127 1355 sucularum
2170 1272 2351 1338 notio
2398 1271 2721 1358 paulatim
2764 1274 2877 1338 ob-

508 1382 778 1443 scurata
822 1377 930 1461 sit,
991 1395 1137 1442 cum
1180 1376 1452 1459 Hyades
1510 1376 1699 1442 hodie
1762 1394 2015 1458 quoque
2075 1377 2161 1441 ab
2223 1375 2413 1441 Italis
2474 1378 2544 1440 et
2589 1375 2877 1441 Franco-

510 1478 709 1563 gallis
755 1479 1190 1561 appellentur.

1123 1737 1190 1806 ΙΙ.
1267 1736 1357 1807 ne
1401 1736 1780 1806 sucularum
1830 1735 2262 1821 opinionibus.

681 1906 964 1973 Veteres
994 1905 1277 1971 Romani
1312 1904 1479 1971 satis
1508 1904 1824 1969 habuisse
1847 1904 2178 1988 videntur,
2209 1905 2360 1970 dum
2392 1908 2571 1969 certo
2601 1903 2878 1989 nomine,

513 2008 668 2089 quid
712 2009 784 2074 in
827 2010 949 2074 1100
990 2008 1332 2074 stellarum
1376 2008 1570 2089 globo
1617 2006 1996 2087 conspicere
2041 2008 2382 2089 putabant,
2429 2007 2881 2088 appellabant.

513 2111 741 2193 Neque
786 2110 1066 2193 amplius
1127 2110 1307 2175 sidus
1373 2110 1540 2175 illud
1599 2110 2076 2192 observabant,
2135 2109 2266 2175 nisi
2326 2113 2495 2191 quod
2553 2108 2879 2177 Parilium

512 2214 686 2280 diem
729 2212 971 2280 festum
1012 2214 1152 2279 eius
1182 2217 1417 2279 exortu
1459 2212 1743 2278 indicari
1773 2214 2106 2279 volebant.
2195 2213 2369 2278 Erat
2400 2231 2545 2278 cum
2574 2216 2879 2295 putarem

511 2317 922 2383 intercedere
965 2336 1205 2382 nexum
1265 2316 1541 2381 similem
1604 2316 1785 2382 inter
1828 2316 2055 2381 Palem
2119 2314 2503 2381 fertilitatis
2563 2318 2748 2382 deam
2808 2321 2882 2382 et

511 2421 805 2487 suculam
850 2419 1138 2485 fertilem
1181 2419 1468 2486 bestiam
1499 2423 1702 2501 atque
1746 2420 1926 2485 inter
1956 2418 2322 2485 caniculam
2366 2423 2436 2485 et
2478 2418 2882 2485 catularium

513 2542 789 2591 sacrum.
877 2521 1007 2589 Sed
1050 2524 1172 2589 1100
1217 2521 1428 2589 statui
1469 2521 1717 2606 nequit,
1777 2541 1931 2588 nam
1990 2522 2288 2589 suculam
2348 2541 2491 2589 cum
2533 2522 2697 2589 Pale
2748 2540 2880 2589 non

513 2629 866 2693 cohaerere
910 2645 985 2691 eo
1040 2627 1543 2708 demonstratur,
1595 2628 1767 2706 quod
1811 2626 1963 2690 Pali
2005 2625 2222 2708 porcis
2268 2645 2398 2691 non
2443 2625 2881 2709 sacrificatur,

513 2729 618 2795 cui
647 2730 995 2794 incruenta
1025 2731 1286 2793 tantum
1317 2726 1632 2793 libantur.
1705 2729 1884 2793 Audi
1914 2727 2221 2795 Ovidium
2251 2729 2432 2794 Fast.
2463 2729 2560 2794 IV
2592 2729 2716 2794 743
2740 2746 2882 2809 sqq.

515 2834 857 2897 canentem
903 2832 983 2896 de
1029 2830 1218 2896 donis
1261 2830 1631 2896 Parilibus:

822 2949 1091 3030 libaque
1137 2952 1218 3016 de
1262 2949 1442 3015 milio
1487 2949 1656 3016 milii
1699 2950 1951 3016 fiscella
1996 2954 2340 3031 sequetur:

928 3051 1180 3118 rustica
1221 3052 1578 3134 praecipue
1624 3056 1727 3118 est
1771 3053 1893 3118 hoc
1937 3054 2063 3118 dea
2106 3053 2286 3119 laeta
2331 3052 2491 3120 cibo.

822 3156 992 3220 adde
1035 3157 1242 3236 dapes
1287 3156 1762 3235 mulctramque
1809 3174 1982 3239 suas,
2027 3156 2437 3239 dapibusque
2482 3156 2756 3223 resectis

927 3257 1291 3325 silvicolam
1335 3257 1559 3340 tepido
1601 3259 1780 3324 lacte
1834 3277 2106 3340 precare
2151 3259 2458 3345 Palem.2)

686 3377 890 3445 Vitae
935 3384 1156 3444 autem
1202 3379 1576 3445 cotidianae
1637 3379 1787 3445 usui
1842 3384 2036 3444 erant
2082 3379 2367 3463 suculae,
2426 3378 2769 3463 siquidem,
2811 3379 2884 3446 id

516 3484 686 3561 quod
732 3479 1026 3547 affirmat
1072 3481 1414 3564 Ampelius
1457 3482 1570 3547 lib.
1615 3500 1800 3548 mem.
1830 3482 1953 3565 ΠΙ,
2000 3500 2226 3547 earum
2245 3486 2248 3489 ’
2269 3487 2455 3548 ortus
2500 3487 2569 3549 et
2613 3500 2882 3549 occasus

516 3602 556 3657 a
598 3584 825 3675 nautis
873 3589 943 3650 et
997 3583 1308 3666 agricolis
1367 3585 1915 3651 observabantur.
2018 3584 2338 3651 Rusticae
2396 3584 2889 3655 observationis

690 3755 732 3823 ¹)
767 3755 999 3810 Praeter
1033 3755 1320 3824 Hyginum
1358 3754 1650 3823 adscripsit
1684 3770 1806 3809 eam
1830 3755 1995 3810 Arati
2018 3755 2290 3825 interpres
2314 3771 2543 3826 graecus
2577 3755 2648 3809 ad
2683 3770 2735 3810 v.
2763 3755 2881 3826 173,

516 3854 568 3894 v.
604 3839 898 3894 Roberti
932 3840 1209 3895 Eratosth.
1246 3844 1442 3896 catast.
1492 3857 1543 3909 p.
1582 3839 1698 3910 110,
1748 3841 1813 3894 Ε.
1850 3842 2079 3895 Maass
2114 3857 2302 3896 comm.
2339 3841 2495 3897 Arat.
2530 3841 2627 3896 rel.
2674 3857 2727 3909 p.
2758 3841 2880 3912 369,

518 3924 610 3992 183
634 3924 752 3994 388,
779 3925 872 3993 203
898 3925 1016 3995 390,
1035 3925 1085 3995 5,
1110 3926 1272 3981 schol.
1292 3926 1473 3981 Germ.
1498 3943 1550 3995 p.
1576 3927 1692 3995 136,
1721 3927 1785 3979 11
1800 3928 1968 3996 sq.B;
1996 3926 2242 3982 defendit
2263 3942 2383 3981 eam
2406 3928 2645 3982 Buttm
2658 3943 2742 3981 an
2754 3942 2885 3984 u-us

514 4010 551 4064 1.
588 4026 632 4064 s.
666 4026 719 4078 p.
756 4009 839 4078 20,
875 4009 1168 4079 impugnat
1201 4012 1718 4082 Baumgartner
1751 4013 1787 4067 1.
1826 4014 1862 4068 l.
1908 4029 1961 4081 p.
2000 4013 2082 4066 19.
2153 4012 2363 4067 Novam
2399 4011 2732 4067 sententiam
2763 4028 2886 4081 pro·

516 4095 651 4151 tulit
685 4096 754 4150 H.
793 4094 1057 4150 Usener
1098 4095 1490 4152 Gottermzmen
1524 4115 1577 4167 p.
1613 4099 1698 4168 42,
1735 4099 1961 4166 Hyadas
1996 4114 2113 4154 esse
2149 4098 2307 4166 quasi
2341 4093 2567 4153 σευάδας
2599 4097 2790 4153 stellas
2823 4097 2894 4153 in.

515 4182 662 4236 caelo
698 4181 1041 4236 bacchantes«.
1111 4181 1216 4236 Sed
1250 4183 1454 4238 rectius
1488 4183 1719 4239 fortasse
1753 4184 1865 4239 iam
1902 4184 2207 4253 Hesychius
2241 4183 2466 4252 Hyadas
2514 4178 2711 4237 συάὸας
2743 4183 2798 4237 11.
2834 4198 2886 4239 e.

515 4268 733 4323 suculas
768 4283 889 4323 esse
923 4267 1081 4337 dixit,
1119 4267 1208 4323 cui
1232 4268 1581 4337 explicationi
1616 4271 1863 4325 Thielo
1887 4271 1923 4324 l.
1950 4287 1991 4327 s.
2027 4275 2086 4325 et
2119 4271 2639 4339 Baumgartner
2672 4267 2884 4323 favent.

690 4352 733 4422 ¹)
771 4369 823 4409 v.
861 4360 1147 4423 praeterea
1178 4353 1590 4411 Wissowam
1627 4357 1774 4425 apud
1808 4356 2139 4412 Roscherum
2175 4355 2264 4409 ΠΙ
2297 4371 2350 4423 p.
2391 4353 2540 4409 1279.
