3576 5085
788 419 914 485 186
1691 413 1996 468 Guilelmus
2032 412 2246 467 Gundel
3035 410 3148 498 [94

785 588 979 654 finem
1001 587 1300 653 indicant
1329 586 1778 668 navigationis
1805 586 1983 669 (Hes
2007 603 2181 666 oper.
2206 585 2350 649 615.
2380 582 2561 668 618):
2608 583 2730 648 hoc
2760 583 3146 648 Latinorum

782 692 1036 758 habent
1078 689 1400 772 Vegetius
1445 688 1575 754 mil.
1634 688 1788 770 epit.
1835 688 1980 753 IIII
2022 688 2106 752 39
2152 691 2232 769 et,
2265 686 2539 752 Servius
2585 686 2821 768 Georg.
2867 685 2902 749 Ι
2946 684 3147 764 138.1)

956 793 1097 858 Alii
1141 812 1298 859 vero
1329 790 1635 866 πλειάδες
1672 792 2023 856 cohaerere
2056 809 2200 855 cum
2229 787 2402 851 πλει-
2438 790 2498 853 h.
2530 808 2581 853 e.
2621 789 2842 868 plures
2883 792 3148 870 puta-nt,

782 900 857 963 ut
900 893 991 961 sit
1035 895 1398 961 multitudo.
1487 895 1701 959 Huius
1750 892 2184 975 etymologiae
2233 896 2461 956 auctor
2507 896 2611 956 est
2654 889 2963 973 Hyginus
3008 890 3145 955 fab.

783 998 1024 1064 CXCII
1067 1019 1126 1080 p.
1174 999 1399 1063 146B:
1443 1002 1498 1060 et
1528 999 1678 1080 quia
1712 998 1930 1076 plures
1957 1000 2151 1077 erant,
2196 994 2483 1063 Pleiades
2524 993 2799 1077 dictae.2)
2887 992 3145 1058 Similia

778 1104 1093 1184 leguntur
1136 1101 1381 1183 Hygin.
1426 1105 1668 1165 astron.
1714 1100 1783 1164 II
1830 1101 1909 1164 21
1958 1118 2016 1179 p.
2056 1099 2138 1163 63
2155 1099 2229 1180 B,
2290 1097 2469 1163 Serv.
2515 1097 2751 1179 Georg.
2794 1098 2829 1162 I
2862 1097 2984 1161 138
3032 1095 3146 1177 qui

782 1203 1082 1270 diversas
1128 1202 1501 1285 explicandi
1559 1202 1853 1267 rationes
1912 1201 1983 1265 in
2045 1219 2244 1266 unum
2298 1199 2644 1282 congessit,
2704 1199 2935 1265 Isidor.
2979 1200 3145 1279 orig.

779 1308 886 1373 HI
924 1309 1022 1388 70,
1070 1307 1167 1388 13,
1214 1309 1294 1372 de
1338 1311 1474 1371 nat.
1520 1324 1646 1370 rer.
1678 1304 1912 1369 XXVI
1943 1305 1999 1384 6,
2039 1304 2235 1369 schol.
2283 1303 2498 1369 Germ.
2541 1323 2600 1383 p.
2636 1304 2777 1384 149,
2822 1304 2862 1367 2
2911 1303 2991 1367 14
3007 1301 3144 1384 B.⁸)

949 1426 1260 1506 Plerique
1305 1430 1524 1490 autem
1568 1423 1848 1489 Romani
1893 1443 2117 1491 vocem
2148 1422 2403 1506 origine
2435 1421 2692 1488 omnino
2735 1441 2864 1487 non
2909 1426 3145 1487 curata

778 1530 848 1595 in
880 1548 1065 1595 usum
1098 1548 1282 1594 suum
1315 1533 1681 1594 verterunt.
1743 1532 1964 1608 Atque
1996 1526 2270 1608 primum
2304 1524 2581 1607 pluralis
2611 1526 2823 1590 forma
2853 1527 3145 1590 occurrit

776 1631 1069 1696 Pleiades
1120 1634 1294 1713 apud
1341 1630 1785 1712 Propertium,
1848 1630 2247 1695 Graecorum
2309 1629 2673 1693 studiosum
2719 1627 3142 1709 imitatorem,

776 1735 883 1800 III
928 1737 985 1818 8,
1031 1736 1132 1801 51.
1221 1733 1515 1816 Originis
1559 1733 1950 1815 peregrinae
2011 1736 2080 1798 et
2137 1731 2562 1797 accusativus
2602 1730 2904 1805 Pleiadas
2945 1730 3143 1795 testi-

775 1838 1059 1903 monium
1104 1839 1281 1920 apud
1316 1837 1683 1919 Vergilium
1729 1836 1965 1918 Georg.
2010 1836 2043 1900 I
2079 1836 2219 1917 138,
2264 1833 2603 1900 Manilium
2651 1834 2712 1899 V
2744 1835 2885 1914 711,
2926 1835 3143 1898 Auso·

701 2015 712 2021 ‚
774 1942 954 2006 nium
998 1940 1235 2006 XVIII
1283 1941 1379 2018 13,
1427 1942 1509 2004 24
1556 1940 1641 2023 (p.
1688 1939 1814 2003 244
1838 1939 1937 2023 Ρ),
1999 1937 2322 2004 Avienum
2369 1937 2439 2001 II
2479 1937 2642 2002 1806
2701 1936 2954 2002 obvius,
3048 1936 3143 2001 Ut

775 2046 939 2109 haec
1019 2043 1229 2108 forma
1300 2044 1386 2107 ad
1446 2043 1841 2108 Graecorum
1901 2038 2215 2125 πληιάδες
2286 2039 2628 2105 reducitur
2671 2076 2757 2084 —
2801 2038 3141 2121 Vergilius

772 2147 814 2211 l.
859 2165 908 2210 s,
953 2145 1254 2210 imitatur
1297 2144 1712 2209 Homericum
1757 2144 1926 2209 illud
1969 2140 2299 2228 Πληϊάδας
2341 2139 2629 2217 θ’Ἱάδας
2669 2162 2738 2203 τε
2780 2142 2857 2206 Il.
2902 2141 3141 2207 XVIII

773 2249 901 2313 486
947 2285 1032 2294 ——
1085 2247 1182 2312 sic
1242 2249 1328 2312 ad
1385 2247 1660 2313 formam
1720 2246 2059 2329 vulgatam
2123 2243 2433 2320 Πλειάδες
2501 2244 2745 2310 dicitur
2801 2243 3138 2327 Pliadesf)

773 2351 916 2415 Hoc
960 2350 1211 2414 habent
1270 2369 1328 2415 v.
1382 2369 1433 2414 c.
1495 2350 1612 2416 Ov.
1657 2350 1837 2414 Fast.
1900 2349 1960 2450 V
2004 2350 2148 2430 599,
2219 2349 2449 2429 Veget.
2505 2348 2636 2412 mil.
2697 2347 2851 2429 epit.
2894 2348 2991 2412 IV
3035 2349 3139 2429 39,

772 2452 929 2517 Isid.
969 2453 1050 2518 de
1094 2457 1227 2517 nat.
1272 2472 1397 2517 rer.
1458 2452 1691 2518 XXVI
1737 2454 1802 2534 6,
1864 2452 2024 2533 orig.
2069 2452 2176 2516 III
2219 2452 2316 2533 70,
2365 2451 2475 2531 13;
2536 2450 2917 2516 accusativo
2980 2468 3137 2514 casu

770 2555 1036 2619 Pliadas
1066 2555 1182 2624 ov.
1212 2556 1396 2621 Fast.
1430 2558 1489 2622 V
1521 2557 1664 2639 599,
1708 2557 1853 2621 Val.
1884 2556 2102 2620 Flacc.
2131 2556 2192 2621 V
2228 2556 2372 2636 305,
2403 2554 2571 2620 Stat.
2615 2554 2817 2619 Theb.
2863 2553 2959 2618 IV
2993 2555 3137 2635 120,

770 2660 874 2725 IX
914 2661 1059 2742 460,
1102 2660 1347 2742 Hygin.
1393 2664 1635 2725 astron.
1680 2660 1751 2725 II
1798 2661 1877 2723 21
1925 2680 1985 2740 p.
2026 2659 2186 2724 6313
2236 2659 2318 2723 al.

942 2762 1071 2828 Sed
1112 2768 1377 2844 praeter
1421 2763 1741 2845 pluralem
1791 2763 2064 2827 formam
2124 2760 2482 2844 singularis
2552 2779 2805 2841 quoque
2851 2760 3137 2826 occurrit

768 2865 924 2931 inde
969 2868 1051 2930 ab
1099 2885 1262 2932 aevo
1306 2867 1664 2947 AugusteO.
1752 2864 1970 2928 Pleias
2024 2865 2275 2945 legitur
2322 2865 2497 2944 apud
2543 2861 2847 2929 Ovidium
2891 2864 3052 2928 Met.
3102 2863 3137 2927 I

946 3038 984 3105 1)
1020 3036 1404 3092 Recentiorum
1442 3036 1617 3090 secuti
1652 3040 1781 3089 sunt
1817 3037 1952 3089 Bar
1968 3034 2241 3089 tschius
2291 3033 2344 3100 (l.
2370 3033 2405 3089 1.
2431 3050 2482 3102 p.
2509 3033 2596 3095 90)
2634 3038 2692 3088 et
2726 3033 2826 3087 Th.
2862 3033 3083 3087 Benfe
3097 3050 3134 3100 y

768 3123 866 3190 qui
900 3119 1147 3174 πλειάδες
1184 3122 1404 3175 deducit
1452 3137 1486 3174 a
1520 3121 1702 3175 radice
1749 3116 1877 3170 πλο-
1912 3121 1963 3173 h.
2004 3136 2048 3175 e.
2097 3120 2265 3174 fluere
2299 3119 2568 3189 navigare
2622 3118 2839 3188 (yriech.
2888 3118 3132 3171 Wurzel-

769 3207 981 3261 lexicon
1030 3224 1070 3261 S.
1107 3207 1199 3274 v.).
1271 3207 1350 3260 At
1395 3206 1819 3260 Lorentzius
1857 3206 1967 3259 Die
2008 3205 2189 3259 Taabe
2224 3205 2305 3258 im
2339 3205 2621 3258 Altertum
2657 3206 2849 3274 Progr.
2887 3205 3132 3258 Wurzen

768 3292 904 3346 1886
938 3309 988 3361 p.
1028 3293 1095 3344 35
1136 3292 1380 3360 pleiadas
1429 3293 1498 3346 ad
1545 3292 1782 3345 radicem
1833 3292 2183 3346 sanseriteam
2214 3291 2316 3359 plu
2361 3292 2413 3344 h.
2452 3307 2497 3345 e.
2544 3291 2733 3358 pluere
2780 3290 3016 3358 reduxit,
3069 3296 3133 3344 ut

770 3378 1040 3447 pluviales
1076 3378 1268 3433 stellae
1317 3382 1512 3433 essent.
1596 3378 1672 3432 Et
1706 3378 2101 3431 Roscherus
2156 3377 2396 3445 pleiades
2446 3377 2635 3430 stellas
2688 3392 2805 3430 esse
2858 3375 3131 3444 pluviales

765 3464 1162 3532 interpretatur
1202 3480 1249 3517 v.
1286 3464 1522 3516 Hermes
1556 3463 1651 3517 der
1696 3463 1994 3532 Windyolt,
2032 3463 2263 3532 Leipzig
2300 3463 2436 3516 1878
2476 3479 2528 3529 p.
2564 3462 2648 3516 30.

939 3549 981 3618 2)
1020 3551 1263 3603 Alteram
1300 3565 1334 3602 a
1358 3548 1577 3617 Hygino
1613 3550 1800 3603 eodem
1839 3549 1951 3602 loco
1988 3551 2254 3617 prolatam
2293 3548 2623 3603 sententiam
2663 3547 2767 3617 (ila
2807 3547 3128 3601 nominatas

766 3635 897 3703 quia
931 3634 1082 3688 inter
1115 3650 1170 3688 se
1207 3633 1546 3699 coniunctae,
1582 3634 1724 3702 quod
1761 3637 1844 3688 est
1877 3630 2117 3703 πλησίον,
2168 3633 2298 3689 adeo
2336 3638 2520 3687 autem
2569 3632 2847 3699 confertae
2880 3634 3027 3702 sunt,
3065 3634 3130 3686 ut

763 3719 862 3774 vix
896 3720 1274 3789 numerentur)
1310 3735 1635 3774 memorasse
1671 3720 1808 3774 satis
1846 3720 2031 3788 habeo,
2070 3736 2191 3774 cum
2219 3725 2406 3787 aperte
2442 3720 2584 3773 falsa
2624 3718 2713 3773 sit.

939 3805 979 3874 ³)
1005 3806 1388 3860 Recentiorum
1408 3805 1534 3859 huic
1553 3805 1861 3861 sententiae
1884 3806 1942 3860 in
1967 3806 2283 3860 universum
2303 3810 2580 3873 spectatae
2599 3806 2790 3859 favent
2809 3804 2870 3859 L.
2890 3805 2920 3857 I
2933 3805 2967 3857 d
2981 3804 3042 3857 el
3056 3820 3085 3859 e
3099 3820 3126 3856 r

763 3892 799 3947 l.
836 3893 871 3945 1.
910 3908 960 3960 p.
1000 3892 1128 3960 1443
1177 3891 1467 3946 Pettius
1513 3892 1549 3946 l.
1586 3893 1621 3946 l.
1670 3909 1722 3959 p.
1764 3892 2028 3960 283sqq.;
2077 3896 2266 3945 contra
2313 3907 2431 3944 eam
2479 3890 2727 3959 disputat
2773 3891 2836 3944 A.
2885 3890 3125 3943 Baum-
3206 3954 3213 3962 ,

761 3984 972 4046 gartn
989 3993 1058 4032 er
1091 3978 1212 4030 Zur
1252 3977 1568 4031 Geschichte
1603 3977 1719 4031 und
1754 3977 2048 4030 Lites-atur
2083 3977 2178 4031 der
2208 3976 2407 4046 qrieeh.
2443 3976 2785 4030 Sternbilcler
2819 3993 2870 4044 p.
2911 3975 2989 4044 18,
3029 3974 3124 4042 qui

759 4064 876 4132 ipse
913 4080 946 4118 a
980 4064 1154 4118 forma
1189 4060 1462 4116 πελειάδες
1497 4063 1773 4132 profectus
1810 4063 1960 4117 sidus
1996 4063 2134 4116 illud
2170 4080 2266 4130 pro
2292 4063 2551 4118 columbis
2578 4063 2758 4129 habet,
2795 4061 2950 4116 cuius
2985 4059 3121 4115 veri-

763 4149 930 4216 loquii
966 4150 1135 4204 testes
1170 4149 1280 4203 iam
1304 4150 1620 4202 Athenaeus
1657 4154 2004 4216 congesserat
2041 4150 2121 4202 XI
2146 4166 2196 4216 p.
2222 4149 2383 4203 484ss
2406 4165 2581 4217 seqq.;
2630 4149 2824 4216 probat
2845 4147 2985 4201 hanc
3008 4153 3123 4212 ety-

761 4235 1050 4304 mologiam
1087 4240 1145 4288 et
1179 4235 1231 4289 J.
1269 4234 1516 4303 Ilberg
1563 4234 1621 4288 in
1663 4233 1921 4288 Roscheri
1973 4234 2145 4288 lexico
2193 4235 2363 4302 myth.
2400 4236 2488 4289 III
2523 4251 2573 4302 p.
2611 4233 2763 4287 2551.
2835 4231 3003 4286 Cuius
3040 4230 3121 4285 rei

759 4322 904 4388 apud
939 4321 1208 4374 Romanos
1244 4320 1486 4389 vestigia
1521 4337 1628 4374 non
1662 4320 1866 4388 inveni,
1907 4321 2000 4387 qui
2036 4326 2093 4375 et
2127 4320 2353 4375 formam
2391 4321 2662 4389 peleiades
2699 4324 3035 4388 spreverunt.
3127 4334 3128 4337 ¹

929 4406 974 4475 ⁴)
1010 4422 1060 4461 v.
1098 4406 1264 4460 Statii
1299 4406 1476 4461 Silvas
1514 4423 1637 4460 cum
1676 4405 2028 4461 Vollmeri
2063 4406 2447 4461 commentario
2483 4422 2534 4474 p.
2572 4407 2691 4460 558.
