3576 5085
562 400 639 488 ¹7]
1020 402 1102 456 De
1137 401 1420 456 stellarum
1456 400 1825 469 appellatione
1860 405 1919 454 et
1951 398 2220 470 religione
2254 398 2500 455 Romana
2809 424 2816 436 ι
2851 383 2940 469 99

1339 1626 1687 1694 GAPV'P
1746 1625 2180 1693 PRIMVM

1182 1800 1308 1882 De
1361 1797 1655 1882 stellis
1710 1797 2322 1898 singularibus

1220 2020 1265 2114 ἓ
1319 2029 1381 2095 1.
1481 2026 1602 2097 De
1655 2025 2006 2096 Veneris
2062 2024 2305 2097 stella

1142 2223 1193 2291 Ι.
1255 2222 1345 2292 ne
1390 2222 1659 2292 Veneris
1703 2222 1948 2292 stellae
1996 2220 2383 2293 nominibus.

744 2358 847 2425 De
884 2356 1165 2426 Veneris
1209 2358 1410 2425 stella
1440 2356 1816 2441 disputanti
1846 2358 2006 2425 mihi
2042 2357 2325 2441 primum
2366 2360 2756 2426 monendum
2800 2376 2942 2425 esse

568 2462 840 2530 videtur
862 2464 1163 2529 constare
1180 2461 1358 2528 inter
1378 2462 1727 2528 hodiernos
1749 2461 2081 2545 triplicem
2104 2456 2300 2529 huius
2324 2461 2490 2529 astri
2513 2461 2667 2547 vim,
2698 2460 2944 2545 quippe

568 2566 744 2646 quod
775 2570 846 2631 et
873 2564 1086 2632 noctis
1125 2569 1194 2631 et
1224 2563 1359 2632 diei
1386 2565 1660 2632 nuntius
1689 2570 1759 2632 et
1787 2565 1987 2632 stella
2019 2564 2308 2633 erratica
2339 2564 2643 2632 exsistat.
2712 2565 2942 2646 Neque

570 2667 884 2735 Romanis
940 2667 1010 2734 id
1088 2673 1237 2733 erat
1291 2668 1621 2752 ignotum3
1682 2668 1822 2734 tria
1886 2667 2059 2735 enim
2116 2668 2634 2752 appellationum
2689 2686 2943 2751 genera

572 2770 912 2853 exhibent,
958 2774 1078 2835 aut
1120 2788 1469 2850 vesperum
1515 2775 1633 2836 aut
1660 2769 2009 2836 luciferum
2054 2776 2174 2836 aut
2216 2775 2545 2837 errantem
2575 2771 2944 2837 laudantes,

576 2872 799 2951 Atque
839 2890 961 2953 ego
1008 2872 1091 2937 de
1132 2871 1619 2938 nominibus
1679 2872 1917 2938 stellae
1961 2874 2137 2954 apud
2180 2873 2506 2939 Romanos
2547 2871 2769 2940 obviis
2811 2873 2971 2939 iam·

572 2977 845 3039 acturus
888 2971 1152 3039 initium
1198 2972 1439 3040 faciam
1486 2992 1528 3038 a
1572 2991 1778 3056 vesp
1800 2992 1957 3041 ero,
2653 2967 2654 2970 ’

1300 3177 1383 3249 Α.
1429 3179 1536 3249 De
1581 3180 1743 3248 luce
1788 3179 2226 3263 vespertina.

745 3330 968 3398 Primo
1012 3331 1152 3399 loeo
1196 3333 1319 3399 sub
1365 3352 1495 3400 uno
1540 3338 1893 3416 conspectu
1937 3338 2271 3415 ponantur
2313 3331 2578 3401 nomina
2620 3334 2709 3400 ad
2753 3351 2799 3402 v
2815 3351 2944 3400 es-

570 3453 863 3515 perum
905 3434 1274 3502 redeuntia.

756 3536 1090 3620 Vesper
1122 3539 1244 3602 -eri
1271 3556 1491 3605 masos
1531 3537 1723 3605 huius
1755 3538 2259 3621 antiquissimus
2288 3538 2482 3606 testis
2513 3543 2617 3605 est
2645 3479 2942 3622 Plautus,

572 3639 812 3706 Bacch.
858 3640 1027 3706 1205
1069 3659 1277 3723 vesper
1316 3640 1416 3705 hic
1459 3645 1563 3707 est.
1571 3640 1622 3727 1)
1710 3642 1879 3707 Nam
1925 3640 2215 3707 Ennium
2275 3641 2405 3707 huo
2447 3639 2698 3707 referre
2742 3657 2943 3708 ausus

571 3760 701 3808 non
744 3760 907 3826 sum,
953 3743 1034 3808 de
1080 3760 1205 3824 quo
1237 3741 1634 3811 Censorinus
1682 3746 1762 3810 de
1807 3744 1914 3810 die
1943 3748 2083 3810 nat.
2114 3743 2346 3812 XXIV
2374 3745 2417 3809 4
2448 3742 2642 3810 dicit:
2685 3741 2946 3809 Ennius

572 3863 889 3926 vesperum
949 3893 964 3909 .
1013 3893 1029 3910 .
1091 3846 1399 3929 appellat‚·
1469 3846 1568 3913 ibi
1633 3846 1807 3913 enim
1866 3849 1950 3913 de
2008 3846 2247 3915 nomin.
2303 3865 2589 3928 vesperus
2645 3845 2942 3929 cogitare

575 3947 789 4028 possis
868 3966 1015 4014 cum
1074 3948 1374 4016 Vahleno
1439 3950 1610 4017 Eun.
1631 3949 1659 3987 ²
1714 3949 1842 4034 frg.
1898 3950 2025 4016 ino.
2098 3949 2356 4016 XXXI.
2469 3949 2656 4016 Haec
2729 3948 2943 4016 forma

573 4067 957 4130 vesperus
999 4052 1085 4116 ad
1128 4052 1525 4119 Graecorum
1571 4050 1848 4139 ἕσπερος
1889 4050 2350 4136 redintegrata
2400 4055 2479 4119 ut
2523 4051 2791 4121 videtur
2833 4051 2942 4118 hie

750 4219 793 4289 1)
827 4219 911 4275 Ne
944 4221 1121 4276 ullum
1155 4221 1347 4277 horum
1368 4222 1652 4278 nominum
1676 4221 2097 4292 desideraretur,
2145 4221 2423 4278 interdum
2459 4221 2627 4277 etiam
2664 4238 2730 4277 ea
2764 4235 2942 4277 exem-

572 4304 668 4373 pla
701 4310 863 4361 erant
895 4307 1160 4376 ponenda,
1199 4322 1339 4375 quae
1374 4307 1442 4363 de
1477 4307 1792 4377 vespertino
1825 4323 1935 4363 non
1981 4306 2247 4363 iumine
2293 4308 2388 4363 sed
2433 4313 2746 4374 tempore
2785 4304 2943 4400 dicta

570 4391 935 4459 reperiuntur.
