3576 5085
725 430 850 495 152
1628 425 1931 481 Guilelmus
1969 425 2183 480 Gundel
2982 425 3090 511 [60

722 599 820 664 VI
864 598 966 679 58,
1016 600 1084 678 13
1152 596 1443 677 Odrysios
1487 597 1713 659 triones
1776 595 1906 660 VII
1952 596 2052 676 80,
2100 597 2168 675 13
2230 593 2653 674 Hyperboreos
2711 595 2944 659 triones
2987 596 3091 661 IX

724 701 915 782 45,1.
1003 698 1258 764 Similia
1303 699 1616 781 leguntur
1661 699 1838 778 apud
1870 696 2298 762 Claudianum
2342 697 2478 760 XX
2516 698 2661 780 238,
2705 697 2913 762 XXII
2945 699 3090 782 458,

722 801 1036 867 XXXIII
1082 801 1225 882 102,
1258 820 1455 866 carm.
1501 800 1726 865 minor.
1780 799 1948 864 LIII
1996 801 2095 864 11.

895 903 1024 969 Sed
1068 904 1183 969 ubi
1229 922 1268 967 a
1332 902 1765 984 scriptoribus
1818 920 2128 967 numerus
2177 901 2592 981 septenarius
2652 901 3088 985 retinebatur,

724 1005 984 1086 saepius
1015 1024 1130 1086 pro
1176 1005 1419 1087 plurali
1449 1023 1718 1071 numero
1749 1005 2158 1069 adhibebant
2203 1004 2620 1086 singularem,
2662 1022 2781 1084 pro
2827 1011 3089 1086 septen-

725 1108 1054 1173 trionibus
1086 1107 1618 1188 septentrionem.
1707 1106 1920 1171 Huius
1956 1125 2110 1171 usus
2144 1105 2634 1186 antiquissimos
2678 1110 2888 1172 testes
2934 1107 3092 1173 novi

727 1210 1074 1276 Caesarem
1097 1211 1158 1275 b.
1184 1210 1259 1275 G.
1279 1211 1313 1275 I
1340 1212 1394 1292 1,
1428 1211 1497 1290 63
1530 1209 1893 1274 Varronem
1919 1209 2064 1273 del.
2090 1209 2128 1273 1.
2160 1208 2294 1274 VII
2328 1211 2396 1288 73
2429 1208 2802 1274 Ciceronem
2833 1211 2917 1274 ad
2948 1210 3091 1275 Att.

724 1314 828 1377 IX
858 1314 914 1395 9,
946 1314 1017 1393 23
1063 1311 1428 1394 Vergilium
1460 1311 1694 1394 Georg.
1725 1312 1832 1376 III
1863 1312 2007 1376 381.
2096 1310 2384 1393 Quorum
2426 1328 2461 1375 e
2508 1311 2907 1392 temporibus
2939 1331 3089 1377 con-

727 1415 915 1479 cludo
960 1414 1391 1479 recentiorem
1436 1432 1576 1479 esse
1622 1413 2027 1495 singularem
2072 1431 2409 1477 numerum
2454 1412 2713 1492 plurali.
2804 1413 2988 1494 Quod
3034 1414 3092 1479 si

727 1536 954 1583 verum
989 1522 1110 1599 est,
1143 1535 1472 1582 sumamus
1503 1534 1772 1581 necesse
1807 1522 1909 1581 est
1940 1535 1975 1581 e
2004 1515 2534 1596 septemtrionibus
2566 1517 2913 1581 deductum
2945 1535 3089 1583 esse

727 1622 950 1685 eodem
1012 1621 1196 1685 modo
1248 1619 1421 1684 haud
1466 1617 1566 1683 ita
1610 1618 1823 1700 logico
1880 1619 2379 1699 septemtrionem,
2439 1637 2563 1698 quo
2611 1637 2693 1683 ex
2737 1618 3093 1682 decemviris

727 1722 1125 1804 singularem
1145 1721 1547 1784 decemvirum
1569 1725 1685 1786 aut
1707 1722 2155 1783 centumvirum
2175 1739 2209 1785 e
2230 1720 2698 1804 centumviris.1)
2733 1721 2882 1786 Tali
2899 1740 3092 1787 voca-

724 1824 863 1889 buli
906 1825 1255 1907 septemtrio
1298 1843 1423 1888 usu
1484 1828 1674 1903 patet
1718 1841 1846 1888 non
1890 1823 2021 1888 iam
2066 1823 2472 1888 intellectam
2518 1842 2662 1888 esse
2708 1823 3088 1904 primariam

727 1927 869 1993 eius
913 1928 1258 2008 notionem,
1305 1945 1578 2007 quocum
1626 1927 1950 2008 cohaeret,
1998 1928 2167 2007 quod
2212 1945 2341 1990 non
2387 1926 2516 1990 nisi
2562 1925 2899 1991 rarissime
2924 1927 2972 2009 ‘·')
3019 1926 3091 1991 in

727 2032 889 2094 duas
928 2034 1152 2111 partes
1191 2029 1298 2093 hic
1336 2029 1695 2109 singularis
1734 2047 2041 2093 numerus
2074 2028 2410 2095 dividitur.
2499 2028 2660 2093 Inde
2692 2030 2776 2093 ab
2808 2028 3089 2109 impera-

724 2138 941 2196 torum
966 2137 1190 2195 aetate
1216 2136 1283 2195 et
1304 2130 1583 2211 pluralis
1617 2135 1686 2195 et
1709 2131 2070 2212 singularis
2096 2149 2405 2196 numerus
2429 2132 2620 2195 iuxta
2643 2131 3092 2197 inveniuntur.

899 2234 1301 2313 Usurpatam
1376 2250 1517 2297 esse
1593 2233 2107 2313 appellationem
2197 2234 2698 2313 septemtriones
2779 2233 3088 2313 primitus

728 2340 986 2401 tantum
1026 2337 1105 2400 de
1150 2354 1307 2399 ursa
1351 2334 1595 2399 maiore
1639 2353 1840 2415 supra
1887 2334 2185 2400 diximus.
2273 2336 2401 2401 Sed
2448 2355 2588 2401 cum
2630 2335 3088 2418 progrediente

727 2456 945 2503 rerum
990 2436 1233 2501 notitia
1275 2436 1742 2517 intellegerent
1783 2438 2064 2502 Romani
2111 2438 2391 2504 similem
2452 2445 2802 2519 praeterea
2860 2443 3090 2504 extare

729 2539 1304 2621 constellationem,
1330 2559 1525 2619 quam
1548 2544 1879 2605 nostrates
1904 2560 2123 2605 ursam
2147 2541 2460 2607 minorem
2486 2541 2845 2625 appellant,
2871 2542 2977 2608 vel
3002 2544 3089 2607 ad

729 2662 870 2707 eam
902 2641 1385 2723 septentriones
1410 2643 1803 2708 vocabulum
1831 2643 2265 2727 applicarunt,
2298 2644 2397 2710 ita
2428 2650 2504 2710 ut
2535 2645 2758 2709 dicant
2789 2648 3091 2711 auctores

727 2751 1076 2825 utrumque
1137 2744 1397 2824 signum
1452 2746 1731 2822 ,qeminos
1787 2747 2019 2808 triones
2078 2747 2299 2829 (Verg.
2345 2748 2508 2812 Aen.
2566 2748 2603 2812 I
2649 2748 2804 2828 7443
2868 2747 3093 2812 Claud.

728 2848 936 2913 XXII
980 2847 1137 2927 4583
1184 2848 1379 2911 Mart.
1426 2845 1576 2926 Cap.
1622 2848 1717 2912 VI
1762 2848 1917 2932 593)
1978 2854 2096 2913 aut
2141 2849 2235 2912 bis
2290 2855 2514 2931 septem
2576 2851 2805 2912 triones
2873 2850 3095 2932 (Mart.

729 2950 882 3031 Cap.
924 2949 1088 3014 VIII
1120 2949 1262 3030 808,
1294 2947 1392 3031 5);
1438 2953 1783 3028 praeterea
1812 2952 2251 3032 septentriones
2281 2954 2541 3015 maiores
2570 2957 2625 3015 et
2657 2952 2927 3015 minores
2958 2952 3092 3017 iam

734 3054 943 3117 Varro
1005 3050 1405 3116 adhibuerat
1467 3051 1551 3132 (v.
1611 3051 1776 3117 Gell.
1823 3053 1899 3117 N.
1947 3054 2024 3119 Α.
2068 3054 2175 3119 III
2221 3056 2319 3138 10,
2359 3054 2442 3139 2).
2529 3055 2669 3119 Aut
2728 3055 2851 3120 hoc
2906 3056 3091 3120 modo

729 3158 939 3235 agunt
987 3172 1110 3233 quo
1158 3152 1532 3218 Martianus
1575 3153 1863 3235 Capella,
1912 3157 2022 3236 qui
2069 3158 2276 3222 solum
2335 3176 2559 3222 ursam
2619 3157 2930 3222 maiorem
2994 3158 3094 3223 in-

731 3256 957 3320 dicans
1002 3254 1328 3335 singulari
1365 3255 1577 3321 utitur
1619 3260 1947 3338 septentrio
1993 3258 2078 3342 (v.
2109 3260 2205 3324 VI
2237 3260 2379 3342 606,
2412 3260 2582 3344 608),
2628 3279 2772 3325 011111
2810 3279 2968 3326 vero
3016 3262 3097 3325 de

729 3376 887 3423 ursa
931 3357 1177 3423 maiore
1223 3363 1292 3423 et
1336 3359 1582 3424 minore
1624 3360 1946 3443 loquatur,
1994 3361 2154 3427 dicit
2209 3363 2863 3443 septentriones
2909 3363 3096 3429 velut

730 3460 827 3524 VI
888 3460 1032 3525 696.
1148 3461 1394 3526 Eodem
1469 3464 1656 3527 modo
1732 3463 1896 3528 dicit
1955 3464 2245 3530 Isidorus
2308 3468 2387 3529 de
2446 3470 2581 3530 nat.
2640 3484 2765 3530 rer.
2824 3465 2962 3530 XII
3024 3466 3095 3529 6:

729 3561 827 3625 hic
873 3560 1072 3645 ἄρκτα
1115 3568 1280 3640 sunt,
1349 3562 1419 3625 id
1474 3569 1560 3627 est
1603 3566 2055 3649 septentriones,
2114 3568 2225 3648 qui
2282 3567 2456 3631 nobis
2494 3587 2731 3649 semper
2773 3571 3094 3648 apparent,

732 3683 875 3729 cum
922 3664 1325 3747 singularem
1356 3684 1683 3748 usurpans
1726 3669 1931 3733 solnm
1965 3669 2332 3749 plaustrum
2371 3670 2584 3736 maius
2628 3670 2997 3751 intellegat,
3033 3688 3095 3735 v.

732 3769 813 3831 de
856 3771 995 3831 nat.
1036 3785 1161 3832 rer.
1206 3768 1439 3833 XXVI
1489 3771 1546 3834 3.
1584 3772 1641 3834 4.
1674 3771 1731 3835 5.
1822 3769 1995 3852 Quin
2041 3767 2239 3837 etiam
2285 3791 2504 3837 ursam
2537 3772 2850 3837 minorem
2893 3772 3095 3836 inter-

733 3871 882 3933 dum
930 3869 1273 3950 appellant
1330 3874 1801 3952 septentrionem
1860 3874 2176 3956 minorem,
2238 3877 2409 3955 quod
2468 3874 2612 3940 fieri
2671 3893 2799 3939 non
2860 3873 3097 3956 potuit,

732 3973 883 4036 dum
928 3972 1216 4052 pristina
1261 3975 1440 4040 vocis
1483 3976 1965 4055 septentrionum
2011 3976 2190 4042 notio
2236 3977 2515 4059 vigeret.
2619 3977 2817 4043 Cuius
2884 3980 3097 4042 muta-

907 4143 944 4209 1)
984 4160 1032 4197 v.
1072 4145 1171 4197 Fr.
1210 4145 1609 4199 Buecheler
1658 4146 1808 4200 Mus
1845 4144 2021 4200 Rhen.
2059 4147 2140 4200 XI
2165 4148 2281 4215 427,
2320 4148 2387 4201 H.
2417 4148 2678 4202 Usener
2725 4147 2878 4202 Mus.
2917 4146 3094 4201 Rhen.

730 4227 923 4281 XXIII
941 4228 1044 4282 335
1063 4230 1185 4283 adn.
1205 4229 1287 4283 50.
1328 4231 1581 4285 Conferas
1597 4230 1988 4284 Germanorum
2007 4231 2102 4285 cler
2120 4232 2418 4299 Zwelfboto
2439 4238 2537 4287 aut
2552 4232 2646 4286 cler
2658 4232 3093 4300 Siebenschtc'ifer

731 4318 917 4381 postea
943 4330 971 4368 e
995 4315 1195 4383 plurali
1219 4331 1442 4369 numero
1465 4317 1715 4384 formata,
1742 4316 1801 4371 Ο.
1828 4317 1873 4369 Β
1889 4332 1917 4370 e
1932 4318 1966 4369 h
1982 4319 2113 4386 agh
2130 4319 2190 4372 el
2226 4317 2338 4371 Die
2365 4318 2607 4372 deutsche
2634 4318 2874 4387 Sprache
2899 4335 2949 4385 p.
2973 4317 3093 4371 179.

904 4399 946 4468 2)
984 4417 1034 4456 v.
1071 4401 1262 4456 Avien.
1300 4402 1359 4455 H
1395 4401 1531 4455 1654
1566 4405 1767 4470 septem
1803 4402 1989 4456 vicina
2027 4403 2214 4458 trioni.
