<?xml version="1.0" encoding="UTF-8"?>
<!DOCTYPE html PUBLIC "-//W3C//DTD XHTML 1.0 Transitional//EN"
    "http://www.w3.org/TR/xhtml1/DTD/xhtml1-transitional.dtd">
<html xmlns="http://www.w3.org/1999/xhtml" xml:lang="en" lang="en">
 <head>
  <title>
</title>
<meta http-equiv="Content-Type" content="text/html;charset=utf-8" />
  <meta name='ocr-system' content='tesseract 3.04.00' />
  <meta name='ocr-capabilities' content='ocr_page ocr_carea ocr_par ocr_line ocrx_word'/>
</head>
<body>
  <div class='ocr_page' id='page_1' title='image "./destellarumappe01gundgoog_0145.png"; bbox 0 0 3576 5085; ppageno 0'>
   <div class='ocr_carea' id='block_1_1' title="bbox 479 402 2851 510">
    <p class='ocr_par' dir='ltr' id='par_1_1' title="bbox 479 402 2851 510">
     <span class='ocr_line' id='line_1_1' title="bbox 479 402 2851 510; baseline 0 -43"><span class='ocrx_word' id='word_1_1' title='bbox 479 414 628 510; x_wconf 83' lang='lat'><strong>137]</strong></span> <span class='ocrx_word' id='word_1_2' title='bbox 923 416 1004 469; x_wconf 90' lang='lat' dir='ltr'>De</span> <span class='ocrx_word' id='word_1_3' title='bbox 1041 414 1322 469; x_wconf 89' lang='lat' dir='ltr'>stellarum</span> <span class='ocrx_word' id='word_1_4' title='bbox 1358 412 1722 482; x_wconf 76' lang='lat' dir='ltr'><strong>appellatione</strong></span> <span class='ocrx_word' id='word_1_5' title='bbox 1758 418 1817 467; x_wconf 87' lang='lat' dir='ltr'>et</span> <span class='ocrx_word' id='word_1_6' title='bbox 1849 412 2115 482; x_wconf 82' lang='lat' dir='ltr'>religione</span> <span class='ocrx_word' id='word_1_7' title='bbox 2149 412 2394 468; x_wconf 82' lang='lat' dir='ltr'>Romana</span> <span class='ocrx_word' id='word_1_8' title='bbox 2709 402 2851 480; x_wconf 48' lang='lat'>229¹</span> 
     </span>
    </p>
   </div>
   <div class='ocr_carea' id='block_1_2' title="bbox 475 583 2871 3340">
    <p class='ocr_par' dir='ltr' id='par_1_2' title="bbox 475 583 2871 3340">
     <span class='ocr_line' id='line_1_2' title="bbox 475 583 2842 667; baseline -0.001 -14"><span class='ocrx_word' id='word_1_9' title='bbox 475 588 758 653; x_wconf 87' lang='lat' dir='ltr'>Ioannes</span> <span class='ocrx_word' id='word_1_10' title='bbox 802 586 1200 667; x_wconf 89' lang='lat' dir='ltr'>Philoponus</span> <span class='ocrx_word' id='word_1_11' title='bbox 1245 584 1631 667; x_wconf 87' lang='lat' dir='ltr'>disputavit,</span> <span class='ocrx_word' id='word_1_12' title='bbox 1675 586 1757 651; x_wconf 90' lang='lat' dir='ltr'>de</span> <span class='ocrx_word' id='word_1_13' title='bbox 1803 583 1957 667; x_wconf 88' lang='lat' dir='ltr'>opif.</span> <span class='ocrx_word' id='word_1_14' title='bbox 2015 584 2242 651; x_wconf 90' lang='lat' dir='ltr'>mundi</span> <span class='ocrx_word' id='word_1_15' title='bbox 2285 585 2319 650; x_wconf 96' lang='lat' dir='ltr'>I</span> <span class='ocrx_word' id='word_1_16' title='bbox 2366 586 2446 650; x_wconf 87' lang='grc'>12</span> <span class='ocrx_word' id='word_1_17' title='bbox 2493 584 2842 651; x_wconf 84' lang='lat' dir='ltr'>ridiculam</span> 
     </span>
     <span class='ocr_line' id='line_1_3' title="bbox 478 686 2841 780; baseline -0.002 -23"><span class='ocrx_word' id='word_1_18' title='bbox 478 709 622 757; x_wconf 83' lang='lat' dir='ltr'>esse</span> <span class='ocrx_word' id='word_1_19' title='bbox 653 689 875 755; x_wconf 82' lang='lat' dir='ltr'>dicens</span> <span class='ocrx_word' id='word_1_20' title='bbox 910 688 1276 770; x_wconf 82' lang='lat' dir='ltr'>opinionem</span> <span class='ocrx_word' id='word_1_21' title='bbox 1309 686 1409 753; x_wconf 80' lang='grc' dir='ltr'>ὅτι</span> <span class='ocrx_word' id='word_1_22' title='bbox 1436 699 1566 751; x_wconf 83' lang='grc' dir='ltr'>τῶν</span> <span class='ocrx_word' id='word_1_23' title='bbox 1595 686 1879 773; x_wconf 81' lang='grc' dir='ltr'><em>ἀστέρων</em></span> <span class='ocrx_word' id='word_1_24' title='bbox 1909 686 2174 780; x_wconf 71' lang='grc' dir='ltr'><strong><em>ἕκᾳστον</em></strong></span> <span class='ocrx_word' id='word_1_25' title='bbox 2203 686 2462 771; x_wconf 79' lang='grc' dir='ltr'><em>ἄγγελοι</em></span> <span class='ocrx_word' id='word_1_26' title='bbox 2484 689 2841 773; x_wconf 55' lang='grc' dir='ltr'>κινοῦσαι)</span> 
     </span>
     <span class='ocr_line' id='line_1_4' title="bbox 647 790 2843 873; baseline 0.001 -16"><span class='ocrx_word' id='word_1_27' title='bbox 647 791 777 858; x_wconf 85' lang='lat' dir='ltr'>Sed</span> <span class='ocrx_word' id='word_1_28' title='bbox 822 793 1165 858; x_wconf 81' lang='lat' dir='ltr'>redeamus</span> <span class='ocrx_word' id='word_1_29' title='bbox 1213 793 1299 857; x_wconf 90' lang='lat' dir='ltr'>ad</span> <span class='ocrx_word' id='word_1_30' title='bbox 1342 790 1542 857; x_wconf 89' lang='lat' dir='ltr'>initia</span> <span class='ocrx_word' id='word_1_31' title='bbox 1587 790 1911 873; x_wconf 85' lang='lat' dir='ltr'>opinionis</span> <span class='ocrx_word' id='word_1_32' title='bbox 1967 793 2155 857; x_wconf 91' lang='lat' dir='ltr'>modo</span> <span class='ocrx_word' id='word_1_33' title='bbox 2212 795 2552 857; x_wconf 76' lang='lat' dir='ltr'>tractatae</span> <span class='ocrx_word' id='word_1_34' title='bbox 2608 793 2843 859; x_wconf 87' lang='lat' dir='ltr'>stellas</span> 
     </span>
     <span class='ocr_line' id='line_1_5' title="bbox 476 893 2843 977; baseline 0 -16"><span class='ocrx_word' id='word_1_35' title='bbox 476 913 752 977; x_wconf 91' lang='lat' dir='ltr'>corpora</span> <span class='ocrx_word' id='word_1_36' title='bbox 795 895 995 975; x_wconf 90' lang='lat' dir='ltr'>ignea</span> <span class='ocrx_word' id='word_1_37' title='bbox 1041 912 1186 960; x_wconf 88' lang='lat' dir='ltr'>esse</span> <span class='ocrx_word' id='word_1_38' title='bbox 1230 913 1358 959; x_wconf 93' lang='lat' dir='ltr'>non</span> <span class='ocrx_word' id='word_1_39' title='bbox 1407 893 1721 977; x_wconf 90' lang='lat' dir='ltr'>animata,</span> <span class='ocrx_word' id='word_1_40' title='bbox 1781 899 1851 959; x_wconf 88' lang='lat' dir='ltr'>et</span> <span class='ocrx_word' id='word_1_41' title='bbox 1894 912 2319 977; x_wconf 82' lang='lat' dir='ltr'>quaeramUS,</span> <span class='ocrx_word' id='word_1_42' title='bbox 2380 893 2537 976; x_wconf 89' lang='lat' dir='ltr'>quid</span> <span class='ocrx_word' id='word_1_43' title='bbox 2592 894 2843 961; x_wconf 88' lang='lat' dir='ltr'>factum</span> 
     </span>
     <span class='ocr_line' id='line_1_6' title="bbox 475 995 2841 1082; baseline 0 -19"><span class='ocrx_word' id='word_1_44' title='bbox 475 997 581 1082; x_wconf 88' lang='lat' dir='ltr'>sit,</span> <span class='ocrx_word' id='word_1_45' title='bbox 626 997 742 1063; x_wconf 91' lang='lat' dir='ltr'>ubi</span> <span class='ocrx_word' id='word_1_46' title='bbox 786 998 951 1063; x_wconf 89' lang='lat' dir='ltr'>haec</span> <span class='ocrx_word' id='word_1_47' title='bbox 996 996 1214 1079; x_wconf 85' lang='lat' dir='ltr'>opinio</span> <span class='ocrx_word' id='word_1_48' title='bbox 1257 996 1573 1062; x_wconf 91' lang='lat' dir='ltr'>inciderit</span> <span class='ocrx_word' id='word_1_49' title='bbox 1616 996 1686 1061; x_wconf 93' lang='lat' dir='ltr'>in</span> <span class='ocrx_word' id='word_1_50' title='bbox 1733 996 2018 1061; x_wconf 88' lang='lat' dir='ltr'>alteram</span> <span class='ocrx_word' id='word_1_51' title='bbox 2075 995 2277 1079; x_wconf 83' lang='lat' dir='ltr'>illam,</span> <span class='ocrx_word' id='word_1_52' title='bbox 2336 997 2591 1063; x_wconf 90' lang='lat' dir='ltr'>animas</span> <span class='ocrx_word' id='word_1_53' title='bbox 2651 997 2841 1064; x_wconf 90' lang='lat' dir='ltr'>mori·</span> 
     </span>
     <span class='ocr_line' id='line_1_7' title="bbox 477 1098 2844 1183; baseline 0 -17"><span class='ocrx_word' id='word_1_54' title='bbox 477 1101 725 1167; x_wconf 88' lang='lat' dir='ltr'>entium</span> <span class='ocrx_word' id='word_1_55' title='bbox 756 1100 827 1165; x_wconf 91' lang='lat' dir='ltr'>in</span> <span class='ocrx_word' id='word_1_56' title='bbox 852 1100 1127 1165; x_wconf 88' lang='lat' dir='ltr'>aethera</span> <span class='ocrx_word' id='word_1_57' title='bbox 1157 1099 1349 1166; x_wconf 90' lang='lat' dir='ltr'>elabi.</span> <span class='ocrx_word' id='word_1_58' title='bbox 1393 1100 1534 1166; x_wconf 87' lang='lat' dir='ltr'>Has</span> <span class='ocrx_word' id='word_1_59' title='bbox 1558 1101 1722 1165; x_wconf 87' lang='lat' dir='ltr'>duas</span> <span class='ocrx_word' id='word_1_60' title='bbox 1752 1099 2121 1166; x_wconf 90' lang='lat' dir='ltr'>sententias</span> <span class='ocrx_word' id='word_1_61' title='bbox 2150 1098 2280 1165; x_wconf 90' lang='lat' dir='ltr'>iam</span> <span class='ocrx_word' id='word_1_62' title='bbox 2312 1105 2575 1165; x_wconf 86' lang='lat' dir='ltr'>veteres</span> <span class='ocrx_word' id='word_1_63' title='bbox 2598 1100 2844 1183; x_wconf 89' lang='lat' dir='ltr'>Orphei</span> 
     </span>
     <span class='ocr_line' id='line_1_8' title="bbox 479 1201 2843 1286; baseline 0.001 -17"><span class='ocrx_word' id='word_1_64' title='bbox 479 1208 550 1269; x_wconf 92' lang='lat' dir='ltr'>et</span> <span class='ocrx_word' id='word_1_65' title='bbox 593 1204 1022 1286; x_wconf 86' lang='lat' dir='ltr'>Pythagorae</span> <span class='ocrx_word' id='word_1_66' title='bbox 1066 1206 1429 1268; x_wconf 83' lang='lat' dir='ltr'>sectatores</span> <span class='ocrx_word' id='word_1_67' title='bbox 1473 1202 1765 1269; x_wconf 90' lang='lat' dir='ltr'>inter.se</span> <span class='ocrx_word' id='word_1_68' title='bbox 1812 1203 2324 1268; x_wconf 86' lang='lat' dir='ltr'>coniunxerunt:</span> <span class='ocrx_word' id='word_1_69' title='bbox 2384 1201 2607 1269; x_wconf 91' lang='lat' dir='ltr'>sidera</span> <span class='ocrx_word' id='word_1_70' title='bbox 2650 1206 2843 1271; x_wconf 90' lang='lat' dir='ltr'>sedes</span> 
     </span>
     <span class='ocr_line' id='line_1_9' title="bbox 477 1304 2844 1390; baseline 0 -19"><span class='ocrx_word' id='word_1_71' title='bbox 477 1313 635 1371; x_wconf 90' lang='lat' dir='ltr'>sunt</span> <span class='ocrx_word' id='word_1_72' title='bbox 689 1307 1164 1390; x_wconf 53' lang='lat' dir='ltr'>mortuorumfl)</span> <span class='ocrx_word' id='word_1_73' title='bbox 1269 1306 1475 1388; x_wconf 79' lang='lat' dir='ltr'>Quam</span> <span class='ocrx_word' id='word_1_74' title='bbox 1543 1305 1908 1386; x_wconf 89' lang='lat' dir='ltr'>opinionem</span> <span class='ocrx_word' id='word_1_75' title='bbox 1981 1304 2264 1371; x_wconf 90' lang='lat' dir='ltr'>Romani</span> <span class='ocrx_word' id='word_1_76' title='bbox 2337 1324 2594 1387; x_wconf 87' lang='lat' dir='ltr'>quoque</span> <span class='ocrx_word' id='word_1_77' title='bbox 2667 1325 2844 1372; x_wconf 90' lang='lat' dir='ltr'>rece-</span> 
     </span>
     <span class='ocr_line' id='line_1_10' title="bbox 481 1407 2850 1491; baseline 0.001 -18"><span class='ocrx_word' id='word_1_78' title='bbox 481 1413 736 1489; x_wconf 88' lang='lat' dir='ltr'>perunt.</span> <span class='ocrx_word' id='word_1_79' title='bbox 852 1407 1114 1475; x_wconf 89' lang='lat' dir='ltr'>Primus</span> <span class='ocrx_word' id='word_1_80' title='bbox 1173 1408 1368 1474; x_wconf 89' lang='lat' dir='ltr'>testis</span> <span class='ocrx_word' id='word_1_81' title='bbox 1414 1414 1519 1476; x_wconf 88' lang='lat' dir='ltr'>est</span> <span class='ocrx_word' id='word_1_82' title='bbox 1564 1408 1982 1491; x_wconf 84' lang='lat' dir='ltr'>PropertiuS,</span> <span class='ocrx_word' id='word_1_83' title='bbox 2044 1408 2157 1490; x_wconf 89' lang='lat' dir='ltr'>qui</span> <span class='ocrx_word' id='word_1_84' title='bbox 2202 1408 2427 1475; x_wconf 90' lang='lat' dir='ltr'>divum</span> <span class='ocrx_word' id='word_1_85' title='bbox 2473 1408 2714 1475; x_wconf 88' lang='lat' dir='ltr'>Iulium</span> <span class='ocrx_word' id='word_1_86' title='bbox 2774 1408 2850 1475; x_wconf 89' lang='grc'>111</span> 
     </span>
     <span class='ocr_line' id='line_1_11' title="bbox 483 1510 2847 1595; baseline 0 -21"><span class='ocrx_word' id='word_1_87' title='bbox 483 1510 762 1577; x_wconf 89' lang='lat' dir='ltr'>Veneris</span> <span class='ocrx_word' id='word_1_88' title='bbox 808 1512 1008 1576; x_wconf 86' lang='lat' dir='ltr'>stella</span> <span class='ocrx_word' id='word_1_89' title='bbox 1053 1512 1328 1577; x_wconf 87' lang='lat' dir='ltr'>collocat</span> <span class='ocrx_word' id='word_1_90' title='bbox 1372 1512 1468 1577; x_wconf 94' lang='lat' dir='ltr'>IV</span> <span class='ocrx_word' id='word_1_91' title='bbox 1508 1513 1565 1594; x_wconf 84' lang='lat'>6,</span> <span class='ocrx_word' id='word_1_92' title='bbox 1597 1512 1681 1577; x_wconf 91' lang='grc'>59</span> <span class='ocrx_word' id='word_1_93' title='bbox 1725 1517 1792 1574; x_wconf 78' lang='lat' dir='ltr'>at</span> <span class='ocrx_word' id='word_1_94' title='bbox 1825 1518 2015 1595; x_wconf 75' lang='lat' dir='ltr'>pater</span> <span class='ocrx_word' id='word_1_95' title='bbox 2057 1510 2268 1575; x_wconf 78' lang='lat' dir='ltr'>Idalio</span> <span class='ocrx_word' id='word_1_96' title='bbox 2298 1513 2571 1575; x_wconf 77' lang='lat' dir='ltr'>miratur</span> <span class='ocrx_word' id='word_1_97' title='bbox 2615 1510 2847 1576; x_wconf 76' lang='lat' dir='ltr'>Caesar</span> 
     </span>
     <span class='ocr_line' id='line_1_12' title="bbox 482 1612 2842 1697; baseline 0.002 -22"><span class='ocrx_word' id='word_1_98' title='bbox 482 1612 560 1676; x_wconf 86' lang='lat' dir='ltr'>ab</span> <span class='ocrx_word' id='word_1_99' title='bbox 604 1618 786 1678; x_wconf 80' lang='lat' dir='ltr'>astro.</span> <span class='ocrx_word' id='word_1_100' title='bbox 875 1615 1091 1695; x_wconf 86' lang='lat' dir='ltr'>Prope</span> <span class='ocrx_word' id='word_1_101' title='bbox 1149 1616 1471 1680; x_wconf 89' lang='lat' dir='ltr'>accedunt</span> <span class='ocrx_word' id='word_1_102' title='bbox 1531 1613 1807 1681; x_wconf 89' lang='lat' dir='ltr'>Ovidius</span> <span class='ocrx_word' id='word_1_103' title='bbox 1852 1613 2040 1695; x_wconf 89' lang='lat' dir='ltr'>epist.</span> <span class='ocrx_word' id='word_1_104' title='bbox 2086 1633 2168 1679; x_wconf 86' lang='lat' dir='ltr'>ex</span> <span class='ocrx_word' id='word_1_105' title='bbox 2213 1615 2424 1680; x_wconf 93' lang='lat' dir='ltr'>Ponto</span> <span class='ocrx_word' id='word_1_106' title='bbox 2469 1615 2566 1680; x_wconf 93' lang='lat' dir='ltr'>IV</span> <span class='ocrx_word' id='word_1_107' title='bbox 2613 1616 2670 1697; x_wconf 88' lang='lat'>9,</span> <span class='ocrx_word' id='word_1_108' title='bbox 2719 1617 2842 1680; x_wconf 82' lang='lat'>127</span> 
     </span>
     <span class='ocr_line' id='line_1_13' title="bbox 481 1715 2842 1801; baseline 0.001 -21"><span class='ocrx_word' id='word_1_109' title='bbox 481 1720 551 1781; x_wconf 92' lang='lat' dir='ltr'>et</span> <span class='ocrx_word' id='word_1_110' title='bbox 594 1715 1025 1782; x_wconf 80' lang='lat' dir='ltr'>Germanicus</span> <span class='ocrx_word' id='word_1_111' title='bbox 1077 1719 1265 1782; x_wconf 86' lang='lat' dir='ltr'>Arat.</span> <span class='ocrx_word' id='word_1_112' title='bbox 1310 1717 1453 1799; x_wconf 93' lang='grc'>558,</span> <span class='ocrx_word' id='word_1_113' title='bbox 1515 1735 1788 1796; x_wconf 90' lang='lat' dir='ltr'>quorum</span> <span class='ocrx_word' id='word_1_114' title='bbox 1834 1718 2041 1783; x_wconf 88' lang='lat' dir='ltr'>verba</span> <span class='ocrx_word' id='word_1_115' title='bbox 2081 1717 2214 1781; x_wconf 92' lang='lat' dir='ltr'>iam</span> <span class='ocrx_word' id='word_1_116' title='bbox 2259 1735 2460 1798; x_wconf 87' lang='lat' dir='ltr'>supra</span> <span class='ocrx_word' id='word_1_117' title='bbox 2519 1736 2670 1801; x_wconf 85' lang='lat' dir='ltr'>pag.</span> <span class='ocrx_word' id='word_1_118' title='bbox 2716 1719 2842 1783; x_wconf 87' lang='grc'>132</span> 
     </span>
     <span class='ocr_line' id='line_1_14' title="bbox 482 1817 2849 1903; baseline 0 -20"><span class='ocrx_word' id='word_1_119' title='bbox 482 1817 846 1900; x_wconf 70' lang='grc' dir='ltr'><strong>θΧεοΥἰρὶ.3)</strong></span> <span class='ocrx_word' id='word_1_120' title='bbox 936 1820 1279 1883; x_wconf 88' lang='lat' dir='ltr'>Accedunt</span> <span class='ocrx_word' id='word_1_121' title='bbox 1335 1818 1452 1885; x_wconf 88' lang='lat' dir='ltr'>Ov.</span> <span class='ocrx_word' id='word_1_122' title='bbox 1500 1820 1659 1883; x_wconf 91' lang='lat' dir='ltr'>Met.</span> <span class='ocrx_word' id='word_1_123' title='bbox 1707 1819 1839 1883; x_wconf 93' lang='lat' dir='ltr'>XV</span> <span class='ocrx_word' id='word_1_124' title='bbox 1885 1820 2010 1885; x_wconf 83' lang='lat'>838</span> <span class='ocrx_word' id='word_1_125' title='bbox 2029 1837 2125 1898; x_wconf 87' lang='lat' dir='ltr'>sq.</span> <span class='ocrx_word' id='word_1_126' title='bbox 2183 1838 2325 1882; x_wconf 78' lang='lat' dir='ltr'>cum</span> <span class='ocrx_word' id='word_1_127' title='bbox 2376 1821 2585 1883; x_wconf 77' lang='lat' dir='ltr'>senior</span> <span class='ocrx_word' id='word_1_128' title='bbox 2626 1818 2849 1903; x_wconf 77' lang='lat' dir='ltr'>Pylios</span> 
     </span>
     <span class='ocr_line' id='line_1_15' title="bbox 483 1920 2847 2005; baseline 0.002 -22"><span class='ocrx_word' id='word_1_129' title='bbox 483 1924 833 2003; x_wconf 77' lang='lat' dir='ltr'>aequaverit</span> <span class='ocrx_word' id='word_1_130' title='bbox 869 1940 1072 1984; x_wconf 76' lang='lat' dir='ltr'>annos·</span> <span class='ocrx_word' id='word_1_131' title='bbox 1109 1924 1118 2004; x_wconf 89' lang='grc' dir='ltr'>Ι</span> <span class='ocrx_word' id='word_1_132' title='bbox 1157 1920 1462 1985; x_wconf 74' lang='lat' dir='ltr'>aetherias</span> <span class='ocrx_word' id='word_1_133' title='bbox 1503 1920 1675 1985; x_wconf 79' lang='lat' dir='ltr'>sedes</span> <span class='ocrx_word' id='word_1_134' title='bbox 1703 1928 2087 2005; x_wconf 72' lang='lat' dir='ltr'>coynataque</span> <span class='ocrx_word' id='word_1_135' title='bbox 2114 1920 2320 1985; x_wconf 82' lang='lat' dir='ltr'>sidera</span> <span class='ocrx_word' id='word_1_136' title='bbox 2358 1928 2582 2005; x_wconf 73' lang='lat' dir='ltr'>tanyet,</span> <span class='ocrx_word' id='word_1_137' title='bbox 2614 1922 2739 1988; x_wconf 88' lang='lat'>868</span> <span class='ocrx_word' id='word_1_138' title='bbox 2755 1940 2847 2004; x_wconf 83' lang='lat' dir='ltr'>sq.</span> 
     </span>
     <span class='ocr_line' id='line_1_16' title="bbox 481 2022 2844 2108; baseline 0.001 -23"><span class='ocrx_word' id='word_1_139' title='bbox 481 2022 670 2085; x_wconf 83' lang='lat' dir='ltr'>tarda</span> <span class='ocrx_word' id='word_1_140' title='bbox 713 2024 797 2086; x_wconf 79' lang='lat' dir='ltr'>sit</span> <span class='ocrx_word' id='word_1_141' title='bbox 843 2022 957 2086; x_wconf 65' lang='lat' dir='ltr'>illa</span> <span class='ocrx_word' id='word_1_142' title='bbox 999 2022 1133 2086; x_wconf 81' lang='lat' dir='ltr'>dies</span> <span class='ocrx_word' id='word_1_143' title='bbox 1178 2075 1190 2088; x_wconf 92' lang='lat'>.</span> <span class='ocrx_word' id='word_1_144' title='bbox 1237 2074 1251 2088; x_wconf 95' lang='lat'>.</span> <span class='ocrx_word' id='word_1_145' title='bbox 1298 2075 1312 2089; x_wconf 92' lang='lat'>.</span> <span class='ocrx_word' id='word_1_146' title='bbox 1357 2044 1474 2107; x_wconf 79' lang='lat' dir='ltr'>quo</span> <span class='ocrx_word' id='word_1_147' title='bbox 1512 2030 1699 2103; x_wconf 76' lang='lat' dir='ltr'>caput</span> <span class='ocrx_word' id='word_1_148' title='bbox 1725 2023 2090 2105; x_wconf 73' lang='lat' dir='ltr'>Auyustum</span> <span class='ocrx_word' id='word_1_149' title='bbox 2121 2076 2133 2089; x_wconf 92' lang='lat'>.</span> <span class='ocrx_word' id='word_1_150' title='bbox 2165 2075 2180 2089; x_wconf 97' lang='lat'>.</span> <span class='ocrx_word' id='word_1_151' title='bbox 2210 2075 2224 2088; x_wconf 91' lang='lat'>.</span> <span class='ocrx_word' id='word_1_152' title='bbox 2270 2023 2408 2087; x_wconf 81' lang='lat' dir='ltr'>orbe</span> <span class='ocrx_word' id='word_1_153' title='bbox 2451 2024 2657 2088; x_wconf 81' lang='lat' dir='ltr'>relicto</span> <span class='ocrx_word' id='word_1_154' title='bbox 2696 2024 2702 2108; x_wconf 82' lang='grc' dir='ltr'>Ι</span> <span class='ocrx_word' id='word_1_155' title='bbox 2743 2045 2844 2088; x_wconf 82' lang='lat' dir='ltr'>ac-</span> 
     </span>
     <span class='ocr_line' id='line_1_17' title="bbox 478 2124 2846 2209; baseline 0.001 -22"><span class='ocrx_word' id='word_1_156' title='bbox 478 2124 650 2188; x_wconf 75' lang='lat' dir='ltr'>cedat</span> <span class='ocrx_word' id='word_1_157' title='bbox 705 2126 900 2208; x_wconf 71' lang='lat' dir='ltr'>mdc,</span> <span class='ocrx_word' id='word_1_158' title='bbox 967 2124 1166 2190; x_wconf 84' lang='lat' dir='ltr'>Trist.</span> <span class='ocrx_word' id='word_1_159' title='bbox 1220 2126 1279 2192; x_wconf 95' lang='lat' dir='ltr'><strong>V</strong></span> <span class='ocrx_word' id='word_1_160' title='bbox 1311 2126 1367 2209; x_wconf 83' lang='lat'>2,</span> <span class='ocrx_word' id='word_1_161' title='bbox 1412 2125 1496 2191; x_wconf 83' lang='lat'>52</span> <span class='ocrx_word' id='word_1_162' title='bbox 1541 2127 1629 2188; x_wconf 78' lang='lat' dir='ltr'>sic</span> <span class='ocrx_word' id='word_1_163' title='bbox 1671 2126 1758 2188; x_wconf 80' lang='lat' dir='ltr'>ad</span> <span class='ocrx_word' id='word_1_164' title='bbox 1803 2129 1995 2206; x_wconf 75' lang='lat' dir='ltr'>pacta</span> <span class='ocrx_word' id='word_1_165' title='bbox 2039 2125 2150 2189; x_wconf 80' lang='lat' dir='ltr'>tibi</span> <span class='ocrx_word' id='word_1_166' title='bbox 2192 2125 2402 2189; x_wconf 81' lang='lat' dir='ltr'>sidera</span> <span class='ocrx_word' id='word_1_167' title='bbox 2446 2125 2667 2189; x_wconf 78' lang='lat' dir='ltr'>tardus</span> <span class='ocrx_word' id='word_1_168' title='bbox 2712 2146 2846 2208; x_wconf 69' lang='lat' dir='ltr'>eas-3</span> 
     </span>
     <span class='ocr_line' id='line_1_18' title="bbox 479 2227 2846 2311; baseline 0.001 -19"><span class='ocrx_word' id='word_1_169' title='bbox 479 2227 638 2293; x_wconf 85' lang='lat' dir='ltr'>Hor.</span> <span class='ocrx_word' id='word_1_170' title='bbox 685 2246 876 2293; x_wconf 86' lang='lat' dir='ltr'>carm.</span> <span class='ocrx_word' id='word_1_171' title='bbox 921 2228 1029 2293; x_wconf 90' lang='lat' dir='ltr'>III</span> <span class='ocrx_word' id='word_1_172' title='bbox 1059 2228 1118 2311; x_wconf 85' lang='lat'>3,</span> <span class='ocrx_word' id='word_1_173' title='bbox 1151 2229 1191 2293; x_wconf 87' lang='lat'>9</span> <span class='ocrx_word' id='word_1_174' title='bbox 1208 2246 1360 2311; x_wconf 88' lang='lat' dir='ltr'>sqq.,</span> <span class='ocrx_word' id='word_1_175' title='bbox 1405 2228 1440 2292; x_wconf 95' lang='lat' dir='ltr'>I</span> <span class='ocrx_word' id='word_1_176' title='bbox 1486 2230 1543 2311; x_wconf 95' lang='grc'>2,</span> <span class='ocrx_word' id='word_1_177' title='bbox 1587 2230 1670 2295; x_wconf 86' lang='grc'>45</span> <span class='ocrx_word' id='word_1_178' title='bbox 1730 2247 1913 2292; x_wconf 78' lang='lat' dir='ltr'>serus</span> <span class='ocrx_word' id='word_1_179' title='bbox 1968 2230 2039 2292; x_wconf 81' lang='lat' dir='ltr'>in</span> <span class='ocrx_word' id='word_1_180' title='bbox 2081 2229 2318 2292; x_wconf 77' lang='lat' dir='ltr'>caelum</span> <span class='ocrx_word' id='word_1_181' title='bbox 2363 2232 2603 2309; x_wconf 78' lang='lat' dir='ltr'>redeas;</span> <span class='ocrx_word' id='word_1_182' title='bbox 2647 2229 2846 2311; x_wconf 88' lang='lat' dir='ltr'>Verg.</span> 
     </span>
     <span class='ocr_line' id='line_1_19' title="bbox 479 2330 2852 2415; baseline 0 -18"><span class='ocrx_word' id='word_1_183' title='bbox 479 2330 717 2414; x_wconf 80' lang='lat' dir='ltr'>Georg.</span> <span class='ocrx_word' id='word_1_184' title='bbox 761 2332 796 2397; x_wconf 93' lang='lat' dir='ltr'>I</span> <span class='ocrx_word' id='word_1_185' title='bbox 839 2332 924 2397; x_wconf 83' lang='lat'>32</span> <span class='ocrx_word' id='word_1_186' title='bbox 982 2352 1148 2395; x_wconf 76' lang='lat' dir='ltr'>anne</span> <span class='ocrx_word' id='word_1_187' title='bbox 1195 2352 1407 2395; x_wconf 78' lang='lat' dir='ltr'>novom</span> <span class='ocrx_word' id='word_1_188' title='bbox 1467 2332 1670 2395; x_wconf 76' lang='lat' dir='ltr'>tardis</span> <span class='ocrx_word' id='word_1_189' title='bbox 1723 2331 1905 2395; x_wconf 79' lang='lat' dir='ltr'>sidus</span> <span class='ocrx_word' id='word_1_190' title='bbox 1947 2337 2002 2395; x_wconf 75' lang='lat' dir='ltr'>te</span> <span class='ocrx_word' id='word_1_191' title='bbox 2046 2331 2358 2396; x_wconf 77' lang='lat' dir='ltr'>mensibus</span> <span class='ocrx_word' id='word_1_192' title='bbox 2400 2332 2619 2397; x_wconf 82' lang='lat' dir='ltr'>addas.</span> <span class='ocrx_word' id='word_1_193' title='bbox 2720 2332 2852 2415; x_wconf 81' lang='lat' dir='ltr'>Qui</span> 
     </span>
     <span class='ocr_line' id='line_1_20' title="bbox 480 2433 2848 2518; baseline 0.001 -19"><span class='ocrx_word' id='word_1_194' title='bbox 480 2452 699 2499; x_wconf 90' lang='lat' dir='ltr'>omnes</span> <span class='ocrx_word' id='word_1_195' title='bbox 744 2435 1046 2518; x_wconf 88' lang='lat' dir='ltr'>Augusto</span> <span class='ocrx_word' id='word_1_196' title='bbox 1092 2437 1313 2500; x_wconf 90' lang='lat' dir='ltr'>sedem</span> <span class='ocrx_word' id='word_1_197' title='bbox 1360 2437 1675 2501; x_wconf 85' lang='lat' dir='ltr'>astralem</span> <span class='ocrx_word' id='word_1_198' title='bbox 1721 2436 1862 2501; x_wconf 87' lang='lat' dir='ltr'>fore</span> <span class='ocrx_word' id='word_1_199' title='bbox 1892 2433 2367 2501; x_wconf 88' lang='lat' dir='ltr'>vaticinantur.</span> <span class='ocrx_word' id='word_1_200' title='bbox 2455 2435 2683 2517; x_wconf 88' lang='lat' dir='ltr'>Neque</span> <span class='ocrx_word' id='word_1_201' title='bbox 2726 2436 2848 2502; x_wconf 86' lang='lat' dir='ltr'>hoc</span> 
     </span>
     <span class='ocr_line' id='line_1_21' title="bbox 480 2536 2847 2621; baseline 0.002 -19"><span class='ocrx_word' id='word_1_202' title='bbox 480 2536 783 2621; x_wconf 88' lang='lat' dir='ltr'>Augusto</span> <span class='ocrx_word' id='word_1_203' title='bbox 828 2536 1162 2620; x_wconf 85' lang='lat' dir='ltr'>ingratum</span> <span class='ocrx_word' id='word_1_204' title='bbox 1208 2537 1353 2621; x_wconf 87' lang='lat' dir='ltr'>fuit,</span> <span class='ocrx_word' id='word_1_205' title='bbox 1400 2538 1513 2620; x_wconf 89' lang='lat' dir='ltr'>qui</span> <span class='ocrx_word' id='word_1_206' title='bbox 1557 2537 1815 2605; x_wconf 82' lang='lat' dir='ltr'>stellam</span> <span class='ocrx_word' id='word_1_207' title='bbox 1871 2538 2067 2621; x_wconf 85' lang='lat' dir='ltr'>galea</span> <span class='ocrx_word' id='word_1_208' title='bbox 2110 2537 2179 2603; x_wconf 92' lang='lat' dir='ltr'>in</span> <span class='ocrx_word' id='word_1_209' title='bbox 2225 2536 2367 2605; x_wconf 90' lang='lat' dir='ltr'>divi</span> <span class='ocrx_word' id='word_1_210' title='bbox 2411 2537 2568 2604; x_wconf 90' lang='lat' dir='ltr'>Iulii</span> <span class='ocrx_word' id='word_1_211' title='bbox 2612 2558 2847 2606; x_wconf 90' lang='lat' dir='ltr'>memo·</span> 
     </span>
     <span class='ocr_line' id='line_1_22' title="bbox 480 2629 2849 2727; baseline 0.002 -22"><span class='ocrx_word' id='word_1_212' title='bbox 480 2629 653 2706; x_wconf 62' lang='lat' dir='ltr'>riam&#39;</span> <span class='ocrx_word' id='word_1_213' title='bbox 708 2642 990 2724; x_wconf 89' lang='lat' dir='ltr'>gerebat</span> <span class='ocrx_word' id='word_1_214' title='bbox 1049 2641 1272 2726; x_wconf 91' lang='lat' dir='ltr'>(Verg.</span> <span class='ocrx_word' id='word_1_215' title='bbox 1332 2643 1499 2708; x_wconf 91' lang='lat' dir='ltr'>Aen.</span> <span class='ocrx_word' id='word_1_216' title='bbox 1555 2643 1726 2709; x_wconf 91' lang='lat' dir='ltr'>VIII</span> <span class='ocrx_word' id='word_1_217' title='bbox 1772 2642 1899 2708; x_wconf 83' lang='lat'>680</span> <span class='ocrx_word' id='word_1_218' title='bbox 1960 2661 2104 2708; x_wconf 90' lang='lat' dir='ltr'>cum</span> <span class='ocrx_word' id='word_1_219' title='bbox 2166 2641 2384 2709; x_wconf 88' lang='lat' dir='ltr'>Servii</span> <span class='ocrx_word' id='word_1_220' title='bbox 2446 2643 2849 2727; x_wconf 88' lang='lat' dir='ltr'>commento).</span> 
     </span>
     <span class='ocr_line' id='line_1_23' title="bbox 481 2743 2871 2827; baseline 0.001 -19"><span class='ocrx_word' id='word_1_221' title='bbox 481 2743 671 2809; x_wconf 87' lang='lat' dir='ltr'>Unde</span> <span class='ocrx_word' id='word_1_222' title='bbox 717 2744 917 2808; x_wconf 88' lang='lat' dir='ltr'>etiam</span> <span class='ocrx_word' id='word_1_223' title='bbox 962 2743 1418 2827; x_wconf 88' lang='lat' dir='ltr'>Vergilianum</span> <span class='ocrx_word' id='word_1_224' title='bbox 1463 2744 1628 2811; x_wconf 87' lang='lat' dir='ltr'>illud</span> <span class='ocrx_word' id='word_1_225' title='bbox 1671 2744 2089 2827; x_wconf 89' lang='lat' dir='ltr'>intellegitur</span> <span class='ocrx_word' id='word_1_226' title='bbox 2124 2744 2289 2811; x_wconf 88' lang='lat' dir='ltr'>Aen.</span> <span class='ocrx_word' id='word_1_227' title='bbox 2335 2745 2439 2811; x_wconf 90' lang='lat' dir='ltr'>IX</span> <span class='ocrx_word' id='word_1_228' title='bbox 2482 2746 2636 2811; x_wconf 85' lang='lat'>641:</span> <span class='ocrx_word' id='word_1_229' title='bbox 2867 2757 2871 2759; x_wconf 66' lang='lat'><strong><em>‘</em></strong></span> 
     </span>
     <span class='ocr_line' id='line_1_24' title="bbox 790 2847 2469 2929; baseline 0.002 -19"><span class='ocrx_word' id='word_1_230' title='bbox 790 2851 1004 2912; x_wconf 89' lang='lat' dir='ltr'>macte</span> <span class='ocrx_word' id='word_1_231' title='bbox 1049 2866 1224 2913; x_wconf 88' lang='lat' dir='ltr'>nova</span> <span class='ocrx_word' id='word_1_232' title='bbox 1267 2847 1522 2915; x_wconf 89' lang='lat' dir='ltr'>virtute</span> <span class='ocrx_word' id='word_1_233' title='bbox 1568 2867 1763 2929; x_wconf 88' lang='lat' dir='ltr'>puer:</span> <span class='ocrx_word' id='word_1_234' title='bbox 1811 2847 1908 2913; x_wconf 90' lang='lat' dir='ltr'>sic</span> <span class='ocrx_word' id='word_1_235' title='bbox 1950 2847 2091 2913; x_wconf 89' lang='lat' dir='ltr'>itur</span> <span class='ocrx_word' id='word_1_236' title='bbox 2137 2850 2221 2913; x_wconf 89' lang='lat' dir='ltr'>ad</span> <span class='ocrx_word' id='word_1_237' title='bbox 2268 2854 2469 2914; x_wconf 91' lang='lat' dir='ltr'>astra.</span> 
     </span>
     <span class='ocr_line' id='line_1_25' title="bbox 480 2947 2845 3029; baseline 0.002 -17"><span class='ocrx_word' id='word_1_238' title='bbox 480 2947 811 3029; x_wconf 90' lang='lat' dir='ltr'>Imprimis</span> <span class='ocrx_word' id='word_1_239' title='bbox 857 2954 1080 3015; x_wconf 90' lang='lat' dir='ltr'>autem</span> <span class='ocrx_word' id='word_1_240' title='bbox 1111 2949 1398 3016; x_wconf 87' lang='lat' dir='ltr'>Senecae</span> <span class='ocrx_word' id='word_1_241' title='bbox 1427 2950 1752 3017; x_wconf 89' lang='lat' dir='ltr'>Hercules</span> <span class='ocrx_word' id='word_1_242' title='bbox 1783 2949 2069 3016; x_wconf 90' lang='lat' dir='ltr'>Oetaeus</span> <span class='ocrx_word' id='word_1_243' title='bbox 2108 2950 2474 3017; x_wconf 88' lang='lat' dir='ltr'>Stoicorum</span> <span class='ocrx_word' id='word_1_244' title='bbox 2510 2950 2845 3017; x_wconf 84' lang='lat' dir='ltr'>doctrinas</span> 
     </span>
     <span class='ocr_line' id='line_1_26' title="bbox 484 3052 2850 3136; baseline 0.001 -20"><span class='ocrx_word' id='word_1_245' title='bbox 484 3054 750 3117; x_wconf 86' lang='lat' dir='ltr'>secutus</span> <span class='ocrx_word' id='word_1_246' title='bbox 796 3055 974 3117; x_wconf 89' lang='lat' dir='ltr'>totus</span> <span class='ocrx_word' id='word_1_247' title='bbox 1019 3052 1089 3117; x_wconf 92' lang='lat' dir='ltr'>in</span> <span class='ocrx_word' id='word_1_248' title='bbox 1132 3053 1261 3118; x_wconf 90' lang='lat' dir='ltr'>hac</span> <span class='ocrx_word' id='word_1_249' title='bbox 1319 3052 1638 3136; x_wconf 88' lang='lat' dir='ltr'>religione</span> <span class='ocrx_word' id='word_1_250' title='bbox 1657 3088 1660 3091; x_wconf 23' lang='grc' dir='ltr'>ι</span> <span class='ocrx_word' id='word_1_251' title='bbox 1682 3052 1876 3136; x_wconf 81' lang='lat' dir='ltr'>vivit,</span> <span class='ocrx_word' id='word_1_252' title='bbox 1932 3053 2045 3134; x_wconf 86' lang='lat' dir='ltr'>qui</span> <span class='ocrx_word' id='word_1_253' title='bbox 2100 3060 2278 3118; x_wconf 79' lang='lat' dir='ltr'>astra</span> <span class='ocrx_word' id='word_1_254' title='bbox 2322 3060 2509 3117; x_wconf 81' lang='lat' dir='ltr'>natus</span> <span class='ocrx_word' id='word_1_255' title='bbox 2556 3052 2850 3118; x_wconf 76' lang='lat' dir='ltr'>laudibus</span> 
     </span>
     <span class='ocr_line' id='line_1_27' title="bbox 480 3142 2851 3241; baseline 0.003 -25"><span class='ocrx_word' id='word_1_256' title='bbox 480 3156 705 3218; x_wconf 67' lang='lat' dir='ltr'>meruit</span> <span class='ocrx_word' id='word_1_257' title='bbox 741 3156 878 3218; x_wconf 75' lang='lat' dir='ltr'>suis</span> <span class='ocrx_word' id='word_1_258' title='bbox 910 3155 997 3241; x_wconf 86' lang='lat' dir='ltr'>(v.</span> <span class='ocrx_word' id='word_1_259' title='bbox 1031 3157 1134 3233; x_wconf 88' lang='lat'>97,</span> <span class='ocrx_word' id='word_1_260' title='bbox 1172 3156 1270 3239; x_wconf 86' lang='lat'>13,</span> <span class='ocrx_word' id='word_1_261' title='bbox 1300 3157 1401 3240; x_wconf 87' lang='lat'>31,</span> <span class='ocrx_word' id='word_1_262' title='bbox 1435 3157 1620 3240; x_wconf 82' lang='lat'>1432,</span> <span class='ocrx_word' id='word_1_263' title='bbox 1654 3157 1840 3240; x_wconf 85' lang='lat'>1446,</span> <span class='ocrx_word' id='word_1_264' title='bbox 1875 3157 2042 3222; x_wconf 83' lang='lat'>1565</span> <span class='ocrx_word' id='word_1_265' title='bbox 2059 3156 2242 3241; x_wconf 83' lang='lat' dir='ltr'>sqq.)‚</span> <span class='ocrx_word' id='word_1_266' title='bbox 2279 3156 2593 3238; x_wconf 80' lang='lat' dir='ltr'>cuiusque</span> <span class='ocrx_word' id='word_1_267' title='bbox 2636 3142 2851 3223; x_wconf 78' lang='lat' dir='ltr'>v‘erba</span> 
     </span>
     <span class='ocr_line' id='line_1_28' title="bbox 480 3257 1632 3340; baseline 0.003 -19"><span class='ocrx_word' id='word_1_268' title='bbox 480 3260 637 3321; x_wconf 89' lang='lat' dir='ltr'>sunt</span> <span class='ocrx_word' id='word_1_269' title='bbox 679 3257 1126 3338; x_wconf 87' lang='lat' dir='ltr'>pulcherrima</span> <span class='ocrx_word' id='word_1_270' title='bbox 1170 3278 1228 3326; x_wconf 90' lang='lat' dir='ltr'>v.</span> <span class='ocrx_word' id='word_1_271' title='bbox 1277 3260 1446 3326; x_wconf 88' lang='grc'>1960</span> <span class='ocrx_word' id='word_1_272' title='bbox 1462 3277 1632 3340; x_wconf 87' lang='lat' dir='ltr'>sqq.:</span> 
     </span>
    </p>
   </div>
   <div class='ocr_carea' id='block_1_3' title="bbox 483 3363 895 3372">
    <p class='ocr_par' dir='ltr' id='par_1_3' title="bbox 483 3363 895 3372">
     <span class='ocr_line' id='line_1_29' title="bbox 483 3363 895 3372; baseline 0 1713"><span class='ocrx_word' id='word_1_273' title='bbox 483 3363 895 3372; x_wconf 95' lang='lat' dir='ltr'> </span> 
     </span>
    </p>
   </div>
   <div class='ocr_carea' id='block_1_4' title="bbox 436 3394 2853 4479">
    <p class='ocr_par' dir='ltr' id='par_1_4' title="bbox 436 3394 2853 3892">
     <span class='ocr_line' id='line_1_30' title="bbox 655 3394 2850 3466; baseline -0.001 -15"><span class='ocrx_word' id='word_1_274' title='bbox 655 3396 695 3466; x_wconf 90' lang='lat'>¹)</span> <span class='ocrx_word' id='word_1_275' title='bbox 731 3397 834 3451; x_wconf 88' lang='lat' dir='ltr'>Sed</span> <span class='ocrx_word' id='word_1_276' title='bbox 870 3396 1038 3450; x_wconf 86' lang='lat' dir='ltr'>fiebat</span> <span class='ocrx_word' id='word_1_277' title='bbox 1074 3396 1174 3450; x_wconf 84' lang='lat' dir='ltr'>hac</span> <span class='ocrx_word' id='word_1_278' title='bbox 1209 3395 1474 3464; x_wconf 89' lang='lat' dir='ltr'>opinione,</span> <span class='ocrx_word' id='word_1_279' title='bbox 1522 3401 1590 3449; x_wconf 86' lang='lat' dir='ltr'>ut</span> <span class='ocrx_word' id='word_1_280' title='bbox 1623 3394 1867 3450; x_wconf 86' lang='lat' dir='ltr'>homines</span> <span class='ocrx_word' id='word_1_281' title='bbox 1902 3394 2271 3464; x_wconf 81' lang='lat' dir='ltr'>superstitiosi</span> <span class='ocrx_word' id='word_1_282' title='bbox 2305 3394 2481 3450; x_wconf 87' lang='lat' dir='ltr'>medio</span> <span class='ocrx_word' id='word_1_283' title='bbox 2518 3410 2652 3449; x_wconf 85' lang='lat' dir='ltr'>aevo</span> <span class='ocrx_word' id='word_1_284' title='bbox 2688 3394 2850 3464; x_wconf 86' lang='lat' dir='ltr'>signa</span> 
     </span>
     <span class='ocr_line' id='line_1_31' title="bbox 436 3480 2851 3550; baseline -0.001 -12"><span class='ocrx_word' id='word_1_285' title='bbox 436 3502 440 3508; x_wconf 94' lang='lat'>·</span> <span class='ocrx_word' id='word_1_286' title='bbox 479 3483 746 3550; x_wconf 87' lang='lat' dir='ltr'>quaedam</span> <span class='ocrx_word' id='word_1_287' title='bbox 794 3482 1028 3550; x_wconf 83' lang='lat' dir='ltr'>mystica</span> <span class='ocrx_word' id='word_1_288' title='bbox 1074 3481 1402 3549; x_wconf 86' lang='lat' dir='ltr'>ediscerent,</span> <span class='ocrx_word' id='word_1_289' title='bbox 1453 3480 1648 3548; x_wconf 87' lang='lat' dir='ltr'>quibus</span> <span class='ocrx_word' id='word_1_290' title='bbox 1694 3497 1751 3535; x_wconf 88' lang='lat' dir='ltr'>se</span> <span class='ocrx_word' id='word_1_291' title='bbox 1799 3484 2129 3550; x_wconf 87' lang='lat' dir='ltr'>potestatem</span> <span class='ocrx_word' id='word_1_292' title='bbox 2181 3481 2240 3535; x_wconf 89' lang='lat' dir='ltr'>in</span> <span class='ocrx_word' id='word_1_293' title='bbox 2287 3480 2477 3535; x_wconf 86' lang='lat' dir='ltr'>stellas</span> <span class='ocrx_word' id='word_1_294' title='bbox 2524 3484 2583 3535; x_wconf 90' lang='lat' dir='ltr'>et</span> <span class='ocrx_word' id='word_1_295' title='bbox 2628 3481 2851 3550; x_wconf 76' lang='lat' dir='ltr'>angelos</span> 
     </span>
     <span class='ocr_line' id='line_1_32' title="bbox 478 3565 2850 3636; baseline -0.001 -13"><span class='ocrx_word' id='word_1_296' title='bbox 478 3569 762 3624; x_wconf 88' lang='lat' dir='ltr'>stellarum</span> <span class='ocrx_word' id='word_1_297' title='bbox 798 3569 1088 3636; x_wconf 81' lang='lat' dir='ltr'>adepturos</span> <span class='ocrx_word' id='word_1_298' title='bbox 1125 3582 1241 3622; x_wconf 86' lang='lat' dir='ltr'>esse</span> <span class='ocrx_word' id='word_1_299' title='bbox 1282 3567 1591 3635; x_wconf 84' lang='lat' dir='ltr'>sperabant.</span> <span class='ocrx_word' id='word_1_300' title='bbox 1663 3566 1865 3621; x_wconf 85' lang='lat' dir='ltr'>Fusius</span> <span class='ocrx_word' id='word_1_301' title='bbox 1902 3567 1969 3621; x_wconf 89' lang='lat' dir='ltr'>de</span> <span class='ocrx_word' id='word_1_302' title='bbox 2003 3567 2106 3620; x_wconf 87' lang='lat' dir='ltr'>hac</span> <span class='ocrx_word' id='word_1_303' title='bbox 2149 3566 2421 3635; x_wconf 87' lang='lat' dir='ltr'>scriptura</span> <span class='ocrx_word' id='word_1_304' title='bbox 2456 3566 2649 3621; x_wconf 79' lang='lat' dir='ltr'>astreli</span> <span class='ocrx_word' id='word_1_305' title='bbox 2684 3565 2850 3621; x_wconf 86' lang='lat' dir='ltr'>disse-</span> 
     </span>
     <span class='ocr_line' id='line_1_33' title="bbox 479 3652 2852 3722; baseline -0 -14"><span class='ocrx_word' id='word_1_306' title='bbox 479 3654 593 3709; x_wconf 89' lang='lat' dir='ltr'>ruit</span> <span class='ocrx_word' id='word_1_307' title='bbox 629 3655 726 3709; x_wconf 90' lang='lat' dir='ltr'>Ph.</span> <span class='ocrx_word' id='word_1_308' title='bbox 764 3654 982 3708; x_wconf 85' lang='lat' dir='ltr'>Harss</span> <span class='ocrx_word' id='word_1_309' title='bbox 1001 3653 1192 3708; x_wconf 71' lang='lat' dir='ltr'>dorsi</span> <span class='ocrx_word' id='word_1_310' title='bbox 1204 3669 1274 3707; x_wconf 89' lang='lat' dir='ltr'>er</span> <span class='ocrx_word' id='word_1_311' title='bbox 1307 3653 1343 3707; x_wconf 92' lang='lat' dir='ltr'>l.</span> <span class='ocrx_word' id='word_1_312' title='bbox 1382 3652 1418 3708; x_wconf 96' lang='lat' dir='ltr'>l.</span> <span class='ocrx_word' id='word_1_313' title='bbox 1454 3669 1583 3722; x_wconf 87' lang='lat' dir='ltr'>pag.</span> <span class='ocrx_word' id='word_1_314' title='bbox 1608 3652 1833 3721; x_wconf 81' lang='lat' dir='ltr'>278sq.:</span> <span class='ocrx_word' id='word_1_315' title='bbox 1871 3668 2010 3720; x_wconf 89' lang='lat' dir='ltr'>quae</span> <span class='ocrx_word' id='word_1_316' title='bbox 2045 3652 2233 3707; x_wconf 85' lang='lat' dir='ltr'>eadem</span> <span class='ocrx_word' id='word_1_317' title='bbox 2268 3652 2382 3706; x_wconf 76' lang='lat' dir='ltr'>fere</span> <span class='ocrx_word' id='word_1_318' title='bbox 2418 3657 2503 3707; x_wconf 88' lang='lat' dir='ltr'>est</span> <span class='ocrx_word' id='word_1_319' title='bbox 2538 3669 2601 3706; x_wconf 89' lang='lat' dir='ltr'>ac</span> <span class='ocrx_word' id='word_1_320' title='bbox 2634 3652 2852 3722; x_wconf 85' lang='lat' dir='ltr'>magica</span> 
     </span>
     <span class='ocr_line' id='line_1_34' title="bbox 481 3736 2853 3808; baseline -0 -15"><span class='ocrx_word' id='word_1_321' title='bbox 481 3744 729 3793; x_wconf 85' lang='lat' dir='ltr'>veterum</span> <span class='ocrx_word' id='word_1_322' title='bbox 754 3738 1041 3808; x_wconf 88' lang='lat' dir='ltr'>scriptura,</span> <span class='ocrx_word' id='word_1_323' title='bbox 1079 3739 1146 3793; x_wconf 91' lang='lat' dir='ltr'>de</span> <span class='ocrx_word' id='word_1_324' title='bbox 1170 3755 1277 3807; x_wconf 88' lang='lat' dir='ltr'>qua</span> <span class='ocrx_word' id='word_1_325' title='bbox 1300 3738 1530 3793; x_wconf 87' lang='lat' dir='ltr'>ultimus</span> <span class='ocrx_word' id='word_1_326' title='bbox 1565 3739 1685 3808; x_wconf 88' lang='lat' dir='ltr'>egit</span> <span class='ocrx_word' id='word_1_327' title='bbox 1707 3738 1862 3793; x_wconf 86' lang='lat' dir='ltr'>Rich.</span> <span class='ocrx_word' id='word_1_328' title='bbox 1886 3739 2100 3793; x_wconf 77' lang='lat' dir='ltr'>Wiins</span> <span class='ocrx_word' id='word_1_329' title='bbox 2119 3738 2199 3792; x_wconf 91' lang='lat' dir='ltr'>ch</span> <span class='ocrx_word' id='word_1_330' title='bbox 2221 3736 2453 3792; x_wconf 65' lang='lat' dir='ltr'>Aratikos</span> <span class='ocrx_word' id='word_1_331' title='bbox 2475 3736 2853 3808; x_wconf 74' lang='lat' dir='ltr'>Zauberyera‘t</span> 
     </span>
     <span class='ocr_line' id='line_1_35' title="bbox 484 3823 1186 3892; baseline 0.003 -16"><span class='ocrx_word' id='word_1_332' title='bbox 484 3838 588 3876; x_wconf 81' lang='lat' dir='ltr'>aus</span> <span class='ocrx_word' id='word_1_333' title='bbox 624 3823 932 3892; x_wconf 66' lang='lat' dir='ltr'>Pergamon</span> <span class='ocrx_word' id='word_1_334' title='bbox 966 3824 1186 3892; x_wconf 88' lang='lat' dir='ltr'>passim.</span> 
     </span>
    </p>

    <p class='ocr_par' dir='ltr' id='par_1_5' title="bbox 483 3907 2851 4320">
     <span class='ocr_line' id='line_1_36' title="bbox 658 3907 2850 3979; baseline 0 -17"><span class='ocrx_word' id='word_1_335' title='bbox 658 3908 700 3978; x_wconf 84' lang='lat'>²)</span> <span class='ocrx_word' id='word_1_336' title='bbox 735 3908 1075 3963; x_wconf 85' lang='lat' dir='ltr'>Testimonia</span> <span class='ocrx_word' id='word_1_337' title='bbox 1109 3909 1384 3979; x_wconf 87' lang='lat' dir='ltr'>congessit</span> <span class='ocrx_word' id='word_1_338' title='bbox 1406 3910 1470 3964; x_wconf 87' lang='grc' dir='ltr'>Ε.</span> <span class='ocrx_word' id='word_1_339' title='bbox 1507 3909 1741 3964; x_wconf 89' lang='lat' dir='ltr'>Rohde</span> <span class='ocrx_word' id='word_1_340' title='bbox 1776 3907 1874 3962; x_wconf 81' lang='lat' dir='ltr'>der</span> <span class='ocrx_word' id='word_1_341' title='bbox 1898 3907 2100 3978; x_wconf 67' lang='lat' dir='ltr'>,qr-icch.</span> <span class='ocrx_word' id='word_1_342' title='bbox 2124 3907 2349 3963; x_wconf 75' lang='lat' dir='ltr'>Roman</span> <span class='ocrx_word' id='word_1_343' title='bbox 2372 3925 2498 3978; x_wconf 88' lang='lat' dir='ltr'>pag.</span> <span class='ocrx_word' id='word_1_344' title='bbox 2523 3907 2627 3963; x_wconf 88' lang='grc'>208</span> <span class='ocrx_word' id='word_1_345' title='bbox 2651 3909 2775 3965; x_wconf 90' lang='lat' dir='ltr'>adn.</span> <span class='ocrx_word' id='word_1_346' title='bbox 2800 3910 2850 3979; x_wconf 88' lang='grc'>2,</span> 
     </span>
     <span class='ocr_line' id='line_1_37' title="bbox 483 3992 2850 4064; baseline 0 -16"><span class='ocrx_word' id='word_1_347' title='bbox 483 3992 693 4062; x_wconf 75' lang='lat' dir='ltr'>Psyche</span> <span class='ocrx_word' id='word_1_348' title='bbox 726 4010 855 4063; x_wconf 88' lang='lat' dir='ltr'>pag.</span> <span class='ocrx_word' id='word_1_349' title='bbox 891 3994 1009 4062; x_wconf 84' lang='lat'>423,</span> <span class='ocrx_word' id='word_1_350' title='bbox 1059 3995 1366 4049; x_wconf 81' lang='lat' dir='ltr'>Drexler</span> <span class='ocrx_word' id='word_1_351' title='bbox 1410 3993 1849 4062; x_wconf 73' lang='lat' dir='ltr'>Wochenschrift</span> <span class='ocrx_word' id='word_1_352' title='bbox 1877 3994 1978 4061; x_wconf 72' lang='lat' dir='ltr'>fiir</span> <span class='ocrx_word' id='word_1_353' title='bbox 2013 3993 2173 4050; x_wconf 83' lang='lat' dir='ltr'>klass.</span> <span class='ocrx_word' id='word_1_354' title='bbox 2212 3993 2514 4064; x_wconf 75' lang='lat' dir='ltr'>Philoloqie</span> <span class='ocrx_word' id='word_1_355' title='bbox 2551 3994 2684 4048; x_wconf 88' lang='grc'>1894</span> <span class='ocrx_word' id='word_1_356' title='bbox 2720 4010 2850 4063; x_wconf 89' lang='lat' dir='ltr'>pag.</span> 
     </span>
     <span class='ocr_line' id='line_1_38' title="bbox 485 4078 2851 4150; baseline -0 -17"><span class='ocrx_word' id='word_1_357' title='bbox 485 4079 602 4146; x_wconf 84' lang='lat'>734,</span> <span class='ocrx_word' id='word_1_358' title='bbox 637 4079 728 4134; x_wconf 91' lang='lat' dir='ltr'>W.</span> <span class='ocrx_word' id='word_1_359' title='bbox 765 4078 1070 4133; x_wconf 87' lang='lat' dir='ltr'>Roscher</span> <span class='ocrx_word' id='word_1_360' title='bbox 1116 4078 1429 4150; x_wconf 72' lang='lat' dir='ltr'>Nachtrliqc</span> <span class='ocrx_word' id='word_1_361' title='bbox 1472 4097 1575 4134; x_wconf 77' lang='lat' dir='ltr'>zur</span> <span class='ocrx_word' id='word_1_362' title='bbox 1615 4080 1804 4135; x_wconf 71' lang='lat' dir='ltr'>Selene</span> <span class='ocrx_word' id='word_1_363' title='bbox 1840 4078 2054 4149; x_wconf 73' lang='lat' dir='ltr'>(Jahrb.</span> <span class='ocrx_word' id='word_1_364' title='bbox 2103 4079 2194 4134; x_wconf 80' lang='lat' dir='ltr'>des</span> <span class='ocrx_word' id='word_1_365' title='bbox 2247 4080 2450 4150; x_wconf 74' lang='lat' dir='ltr'>Gymn.</span> <span class='ocrx_word' id='word_1_366' title='bbox 2496 4097 2567 4134; x_wconf 79' lang='lat' dir='ltr'>zu</span> <span class='ocrx_word' id='word_1_367' title='bbox 2611 4079 2851 4134; x_wconf 76' lang='lat' dir='ltr'>Wurzen</span> 
     </span>
     <span class='ocr_line' id='line_1_39' title="bbox 487 4164 2849 4235; baseline 0 -17"><span class='ocrx_word' id='word_1_368' title='bbox 487 4164 642 4235; x_wconf 84' lang='lat'>1895)</span> <span class='ocrx_word' id='word_1_369' title='bbox 676 4181 805 4234; x_wconf 85' lang='lat' dir='ltr'>pag.</span> <span class='ocrx_word' id='word_1_370' title='bbox 843 4165 926 4219; x_wconf 87' lang='lat'>12.</span> <span class='ocrx_word' id='word_1_371' title='bbox 987 4164 1242 4220; x_wconf 86' lang='lat' dir='ltr'>Ridicula</span> <span class='ocrx_word' id='word_1_372' title='bbox 1277 4166 1543 4233; x_wconf 86' lang='lat' dir='ltr'>quaedam</span> <span class='ocrx_word' id='word_1_373' title='bbox 1578 4167 1645 4221; x_wconf 89' lang='lat' dir='ltr'>de</span> <span class='ocrx_word' id='word_1_374' title='bbox 1680 4166 1922 4221; x_wconf 77' lang='lat' dir='ltr'>Luciferi</span> <span class='ocrx_word' id='word_1_375' title='bbox 1956 4166 2147 4222; x_wconf 90' lang='lat' dir='ltr'>incolis</span> <span class='ocrx_word' id='word_1_376' title='bbox 2181 4171 2375 4222; x_wconf 70' lang='lat' dir='ltr'>narrat</span> <span class='ocrx_word' id='word_1_377' title='bbox 2412 4166 2686 4221; x_wconf 69' lang='lat' dir='ltr'>Lucienus</span> <span class='ocrx_word' id='word_1_378' title='bbox 2720 4166 2849 4220; x_wconf 91' lang='lat' dir='ltr'>Ver.</span> 
     </span>
     <span class='ocr_line' id='line_1_40' title="bbox 483 4250 870 4320; baseline 0 -16"><span class='ocrx_word' id='word_1_379' title='bbox 483 4250 613 4306; x_wconf 87' lang='lat' dir='ltr'>hist.</span> <span class='ocrx_word' id='word_1_380' title='bbox 650 4251 870 4320; x_wconf 87' lang='lat' dir='ltr'>passim.</span> 
     </span>
    </p>

    <p class='ocr_par' dir='ltr' id='par_1_6' title="bbox 483 4333 2849 4479">
     <span class='ocr_line' id='line_1_41' title="bbox 658 4333 2849 4406; baseline -0.001 -14"><span class='ocrx_word' id='word_1_381' title='bbox 658 4336 701 4406; x_wconf 81' lang='lat'>³)</span> <span class='ocrx_word' id='word_1_382' title='bbox 737 4333 1159 4405; x_wconf 86' lang='lat' dir='ltr'>Meminerimus,</span> <span class='ocrx_word' id='word_1_383' title='bbox 1198 4352 1337 4405; x_wconf 87' lang='lat' dir='ltr'>quae</span> <span class='ocrx_word' id='word_1_384' title='bbox 1371 4336 1452 4392; x_wconf 91' lang='lat' dir='ltr'>ibi</span> <span class='ocrx_word' id='word_1_385' title='bbox 1486 4338 1552 4392; x_wconf 90' lang='lat' dir='ltr'>de</span> <span class='ocrx_word' id='word_1_386' title='bbox 1589 4337 1865 4393; x_wconf 86' lang='lat' dir='ltr'>affinitate</span> <span class='ocrx_word' id='word_1_387' title='bbox 1901 4338 2297 4394; x_wconf 84' lang='lat' dir='ltr'>sententiarum</span> <span class='ocrx_word' id='word_1_388' title='bbox 2348 4336 2607 4391; x_wconf 84' lang='lat' dir='ltr'>dixerim:</span> <span class='ocrx_word' id='word_1_389' title='bbox 2656 4334 2849 4390; x_wconf 82' lang='lat' dir='ltr'>stellae</span> 
     </span>
     <span class='ocr_line' id='line_1_42' title="bbox 483 4421 1821 4479; baseline 0.003 -5"><span class='ocrx_word' id='word_1_390' title='bbox 483 4421 647 4478; x_wconf 86' lang='lat' dir='ltr'>simul</span> <span class='ocrx_word' id='word_1_391' title='bbox 680 4428 740 4478; x_wconf 88' lang='lat' dir='ltr'>et</span> <span class='ocrx_word' id='word_1_392' title='bbox 773 4423 928 4478; x_wconf 88' lang='lat' dir='ltr'>sedes</span> <span class='ocrx_word' id='word_1_393' title='bbox 963 4430 1022 4479; x_wconf 87' lang='lat' dir='ltr'>et</span> <span class='ocrx_word' id='word_1_394' title='bbox 1056 4423 1273 4478; x_wconf 87' lang='lat' dir='ltr'>animae</span> <span class='ocrx_word' id='word_1_395' title='bbox 1302 4427 1636 4478; x_wconf 84' lang='lat' dir='ltr'>mortuorum</span> <span class='ocrx_word' id='word_1_396' title='bbox 1673 4430 1821 4478; x_wconf 88' lang='lat' dir='ltr'>sunt.</span> 
     </span>
    </p>
   </div>
  </div>
 </body>
</html>
