3576 5085
703 444 830 510 190
1606 440 1913 495 Guilelmus
1947 440 2163 496 Gundel
2952 442 3071 530 [98

699 613 852 679 Nat.
875 613 1031 679 hist.
1059 612 1296 678 XVIII
1319 614 1475 678 225:
1520 632 1593 676 ex
1622 632 1839 676 occasu
1861 611 2312 696 (vergiliarum)
2342 611 2417 674 de
2437 610 2627 675 hieme
2655 620 3071 692 auqurantur

700 715 923 799 quibus
944 720 1032 779 est
1060 735 1217 778 cura
1245 714 1608 795 insidiandi,
1638 716 2042 798 nepotiatores
2069 715 2266 779 avari.
2307 712 2412 777 Ita
2441 713 2651 778 nubilo
2672 733 2893 778 occasu
2918 716 3065 796 plu·

697 820 925 882 m'osam
954 817 1207 881 hiemem
1250 817 1637 898 denuntiant,
1693 817 2030 899 statimque
2085 823 2313 900 auyent
2371 817 2771 880 lacernarum
2819 820 3022 898 pretia
3035 841 3067 902 ,⁶

694 939 910 984 sereno
937 940 1240 1003 asperam,
1270 927 1327 983 et
1351 920 1742 1003 reliquarum
1771 921 2028 982 vestium
2054 918 2413 984 accendunt.
2472 919 2571 984 Eo
2602 921 2774 1000 quod
2797 920 3065 987 Plinius

695 1023 884 1089 addit
927 1023 1250 1087 indocilem
1294 1023 1449 1087 caeli
1488 1021 1827 1106 apricolam
1859 1021 2092 1086 hiemis
2123 1020 2445 1086 rationem
2487 1040 2523 1086 e
2552 1020 2858 1088 foliorum
2903 1042 3063 1090 casu

693 1130 813 1191 aut
883 1125 1174 1191 tardiore
1246 1128 1366 1190 aut
1437 1123 1793 1189 maturiore
1867 1141 2254 1206 agnoscere,
2330 1125 2819 1189 demonstratur
2885 1127 3064 1192 hanc

692 1227 1057 1310 opinionem
1103 1227 1409 1309 primitus
1456 1227 1813 1292 Romanam
1856 1244 1984 1290 non
2025 1225 2247 1291 fuisse.
2334 1226 2533 1292 Valet
2579 1228 2660 1292 de
2718 1227 2823 1293 his
2884 1231 3061 1309 quod

691 1329 950 1396 omnino
997 1332 1079 1394 de
1122 1329 1540 1410 tempestatis
1584 1328 2057 1409 prognosticis:
2114 1329 2431 1394 nonnulla
2474 1334 2654 1395 recte
2699 1331 3062 1398 observata

690 1450 850 1514 esse,
894 1432 1212 1513 pleraque
1242 1450 1371 1496 non
1401 1429 1572 1496 satis
1602 1430 1809 1495 firmis
1842 1430 2250 1513 argumentis
2293 1430 2583 1497 inventa.
2673 1432 2815 1498 Hoc
2846 1433 3055 1499 etiam

690 1534 760 1600 in
805 1533 1184 1599 calendaria
1227 1535 1530 1615 quadrat,
1577 1551 1850 1613 quorum
1882 1540 2183 1598 auctores
2227 1534 2489 1615 saepius
2533 1534 2700 1601 talia
2731 1535 3054 1601 vaticina-

688 1638 936 1701 bantur
980 1635 1203 1717 qualia
1233 1635 1591 1700 Columella
1627 1635 1731 1700 XI
1762 1636 1820 1717 2,
1851 1636 1965 1700 36:
2008 1634 2239 1698 decimo
2279 1635 2432 1700 Kal.
2475 1636 2699 1700 Maias
2748 1637 3061 1719 Veryiliae

687 1759 827 1803 cum
883 1740 1007 1803 sole
1065 1740 1375 1821 oriuntur,
1433 1738 1705 1819 Africus
1760 1738 1852 1801 vel
1899 1739 2153 1803 Auster.
2210 1737 2340 1801 dies
2379 1731 2689 1804 humidus.
2699 1740 2747 1824 1)
2854 1742 3057 1808 Talia

686 1844 768 1908 de
812 1842 1233 1924 temporibus,
1278 1840 1515 1922 quibus
1563 1840 1884 1924 vergiliae
1942 1840 2244 1906 oriuntur
2281 1845 2351 1906 et
2392 1842 2714 1924 occidunt,
2774 1842 2843 1908 in
2905 1845 3051 1909 uni-

684 1963 950 2012 versum
993 1944 1288 2027 praedici
1346 1950 1617 2025 possunt
1676 1943 1760 2028 (V
1763 1962 1864 2026 eg.
1924 1942 2057 2009 mil.
2100 1942 2253 2025 epit.
2297 1943 2394 2009 IV
2435 1945 2561 2028 39),
2620 1944 2690 2009 in
2751 1945 3052 2030 singulos

687 2047 828 2113 dies
874 2065 1004 2112 non
1048 2046 1401 2130 possunt.2)

854 2151 1077 2229 Atque
1138 2150 1305 2214 haec
1370 2167 1451 2213 ex
1517 2149 1954 2214 Romanorum
2011 2148 2391 2215 auctoribus
2471 2151 2889 2231 pedestribus
2964 2155 3050 2219 de

679 2250 1000 2331 Vergiliis
1045 2251 1262 2332 petita
1304 2249 1673 2331 sufficiant3
1722 2249 1854 2316 iam
1894 2252 1980 2315 ad
2023 2255 2255 2331 poetas
2298 2257 2734 2331 transeamus,
2798 2254 2913 2335 qui
2957 2257 3045 2331 ad

681 2371 878 2419 unum
936 2371 1158 2418 omnes
1218 2352 1469 2418 Graeco
1549 2353 1811 2417 nomine
1869 2351 2123 2417 Pliadis
2198 2354 2306 2419 vel
2364 2353 2669 2421 Pliadum
2743 2362 3048 2440 utuntur,

680 2460 953 2537 excepto
998 2455 1362 2536 PropertiO,
1409 2454 1522 2535 qui
1566 2455 1767 2520 semel
1813 2453 2021 2519 latine
2065 2454 2236 2520 dixit
2282 2456 2316 2521 I
2360 2458 2419 2538 8,
2467 2458 2579 2522 1οε

1178 2565 1246 2623 et
1288 2557 1381 2623 sit
1424 2557 1602 2623 iners
1645 2555 1857 2622 tardis
1901 2558 2134 2624 navita
2179 2559 2512 2642 VergiliiS.

848 2661 1244 2742 Plerumque
1286 2660 1556 2725 Pliadas
1607 2664 1846 2741 poetae
1890 2661 2226 2743 adhibent,
2271 2666 2349 2727 ut
2404 2681 2487 2728 ex
2534 2682 2756 2729 earum
2805 2684 3043 2731 occasu

675 2764 948 2830 hiemem
1017 2763 1339 2846 incipere,
1397 2764 1655 2844 pluvios
1713 2763 1903 2829 nives
1968 2769 2201 2830 ventos
2273 2784 2555 2846 regnare
2613 2766 3043 2853 designent,⁸)

674 2866 1076 2952 imaginibus
1123 2865 1417 2932 evocatis
1447 2866 1664 2945 qualis
1712 2870 1816 2931 est
1861 2868 2037 2946 apud
2067 2866 2406 2932 Valerium
2451 2868 2756 2935 Flaccum
2788 2870 2848 2935 V
2877 2872 3040 2937 415:

979 2970 1249 3034 Pliades
1295 2988 1331 3033 e
1374 2968 1656 3033 madidis
1699 2973 1999 3033 rorantes
2054 2969 2344 3035 crinibus
2388 2969 2711 3055 imbres.⁴=)

844 3071 1041 3136 Tales
1083 3071 1212 3136 loci
1257 3074 1412 3135 sunt
1452 3071 1644 3150 Prop.
1689 3070 1797 3135 III
1839 3073 1895 3153 8,
1942 3071 2043 3153 51,
2089 3071 2235 3137 IIII
2276 3074 2335 3154 5,
2380 3074 2495 3154 363
2555 3073 2670 3140 Ov.
2715 3076 2864 3140 Art.
2907 3094 3034 3140 am.

669 3174 706 3238 I
748 3174 906 3253 4093
950 3173 1098 3238 Val.
1144 3172 1359 3238 Flacc.
1419 3172 1490 3237 II
1533 3173 1692 3252 3573
1752 3172 1966 3238 Hilar.
2026 3193 2245 3255 genes
2286 3194 2349 3241 v.
2392 3176 2475 3240 69
2536 3175 2748 3259 (Corp.
2807 3176 3041 3258 script.

671 3275 822 3341 eccl.
860 3276 975 3341 lat.
1018 3274 1261 3343 XXIII
1303 3294 1363 3356 p.
1408 3276 1579 3359 233).
1665 3274 1997 3356 Imprimis
2041 3281 2262 3342 autem
2320 3276 2390 3342 111
2449 3280 2661 3344 undas
2718 3284 3035 3344 exercent

669 3379 838 3443 hanc
866 3377 1196 3443 nefastam
1226 3382 1641 3459 potestatem,
1687 3383 1764 3443 ut
1794 3378 2114 3444 Horatius
2148 3379 2247 3444 ait
2278 3398 2470 3445 carm.
2499 3380 2598 3447 IV
2630 3384 2730 3465 14,
2759 3383 2845 3447 20
2860 3400 3037 3462 sqq.:

1284 3479 1642 3545 indomitus
1685 3498 1890 3562 prope
1941 3481 2157 3561 qualis
2201 3484 2412 3548 undas

1284 3587 1551 3647 exercet
1594 3587 1839 3664 auster,
1882 3582 2227 3650 Pleiadum
2273 3585 2467 3650 choro

1283 3683 1626 3750 scindente
1669 3685 1895 3750 nubes,

843 3819 883 3888 ¹)
918 3821 1008 3874 Ita
1042 3820 1152 3874 iam
1188 3819 1458 3874 Hesiodus
1494 3836 1614 3888 opp.
1651 3819 1916 3887 619sqq.:

1143 3899 1253 3958 εὖτ’
1293 3900 1363 3955 ἂν
1399 3901 1667 3970 Πληϊάὸες
1701 3904 1904 3958 σθ’ένοε
1939 3902 2178 3974 ὄβριμον
2212 3904 2463 3974 Ὠρίωνος

1143 3990 1443 4059 φεύγουσαι
1478 3994 1754 4041 πίπτωσιν
1787 3990 1839 4042 ἐς
1873 3988 2149 4059 ἤεροείδεα
2182 3994 2410 4051 πόντον,

1142 4073 1207 4139 δὴ
1239 4078 1365 4126 τότε
1400 4079 1681 4126 παντοίων
1716 4072 1942 4140 ἀνέμων
1978 4074 2214 4127 θύουσιν
2246 4075 2428 4141 α’ῆται.

835 4160 877 4231 ²)
913 4160 1064 4216 Alias
1100 4161 1333 4215 aliarum
1357 4161 1604 4230 gentium
1633 4161 1996 4231 cogitationes
2021 4162 2127 4216 huc
2150 4169 2460 4230 spectantes
2485 4171 2769 4220 enumerat
2804 4165 2852 4218 Τ
2864 4165 3027 4234 ylor

656 4247 917 4317 Anfc'inye
951 4246 1046 4300 der
1079 4246 1296 4300 Kultur
1329 4247 1358 4300 I
1393 4246 1494 4300 286
1507 4263 1586 4314 sq.

834 4331 876 4403 ⁸)
914 4331 1057 4387 Vide
1093 4337 1151 4386 et
1185 4330 1413 4386 Hesiodi
1448 4347 1639 4386 versus
1675 4332 1830 4387 modo
1866 4333 2076 4388 allatos.

830 4418 875 4488 ⁴)
911 4434 962 4473 v.
1001 4417 1174 4472 Kost
1196 4417 1415 4472 linum
1449 4416 1718 4487 Philolog.
1759 4419 2059 4475 XXXVIII
2093 4420 2177 4476 57.
