3576 5085
518 442 668 530 111]
963 444 1046 497 De
1081 443 1362 499 stellarum
1399 442 1764 511 appellatione
1802 448 1860 498 et
1894 441 2164 512 religione
2193 443 2439 497 Romana
2752 445 2880 511 203

516 614 688 681 enim
734 617 1058 681 Arcturus
1101 614 1246 695 ipse
1301 613 1522 695 prodit
1566 613 1634 678 in
1681 632 1943 679 scenam
1990 619 2060 680 et
2103 619 2448 695 postquam
2500 633 2572 679 se
2616 614 2878 697 signum

516 719 867 799 splendens
927 718 1126 783 stella
1184 717 1468 782 candida
1543 715 1729 799 dixit,
1787 715 2009 799 pergit
2069 735 2141 782 se
2202 735 2238 782 e
2297 717 2640 783 stellarum
2700 736 2877 784 more

513 821 866 886 observare
890 821 938 905 ¹)
996 818 1327 885 hominum
1372 819 1543 885 male
1602 819 1783 885 facta
1829 823 1899 884 et
1956 818 2206 885 referre
2266 838 2348 885 ea
2402 820 2736 901 exscripta
2792 822 2876 885 ad

511 922 969 1003 imperatorem
1015 923 1354 1004 deorum.'²)
1443 920 1756 987 Videmus
1810 921 2022 1004 igitur
2080 921 2264 988 sidus
2321 922 2484 1005 fingi
2542 927 2878 1003 tamquam

509 1026 836 1091 hominem
881 1029 951 1095 et
984 1025 1333 1113 ,viventem
1378 1029 1445 1089 et
1489 1022 1824 1092 videntem
1868 1062 1955 1072 —
1998 1024 2128 1090 nisi
2176 1027 2344 1105 quod
2391 1025 2637 1090 maiore
2682 1044 2875 1106 quam

508 1127 797 1193 humana
843 1128 1173 1193 oculorum
1218 1126 1361 1192 acie
1404 1132 1506 1192 est
1550 1126 2003 1207 praeditus—
2032 1134 2101 1192 et
2139 1126 2543 1208 cogitantem
2576 1132 2660 1210 et,
2705 1129 2875 1207 quod

508 1231 953 1296 sublimiorem
998 1232 1246 1295 cultum
1283 1230 1551 1311 redolet,
1597 1229 2012 1311 scribentem,
2057 1248 2268 1309 neque
2313 1235 2506 1311 esset,
2552 1249 2670 1295 cur
2704 1230 2875 1295 hanc

507 1333 850 1398 stellarum
896 1332 1249 1415 imaginem
1296 1351 1337 1397 a
1381 1332 1696 1397 Romanis
1742 1331 2024 1398 alienam
2069 1331 2587 1416 iudicaremuS,⁸)
2646 1331 2777 1396 11131
2838 1351 2874 1397 e

506 1452 704 1501 versu
750 1436 833 1500 33
885 1439 1236 1517 appareret
1285 1434 1630 1514 sequentia
1688 1436 2034 1515 desumpta
2096 1453 2237 1500 esse
2284 1453 2319 1500 e
2371 1435 2657 1516 Diphilo,
2745 1433 2875 1499 Sed

508 1555 652 1602 cum
698 1538 820 1603 hoc
862 1537 962 1603 ita
1006 1538 1110 1620 sit,
1155 1538 1357 1619 plana
1403 1542 1505 1603 est
1550 1536 1928 1602 coniectura
1972 1537 2174 1603 etiam
2206 1538 2483 1603 Arcturi
2526 1555 2872 1618 personam

507 1658 549 1704 a
591 1640 834 1705 Plauto
880 1659 916 1705 e
961 1641 1211 1707 Graeco
1257 1644 1543 1705 tractam
1598 1658 1760 1706 esse.
1846 1640 2021 1705 Huic
2080 1640 2272 1706 favet
2332 1642 2503 1720 quod
2548 1640 2872 1705 Arcturus

506 1761 738 1807 nomen
782 1761 1090 1825 graecum
1131 1743 1308 1826 gerit
1353 1747 1424 1807 et
1465 1744 1638 1822 quod
1679 1742 1876 1808 simili
1923 1744 2110 1808 modo
2159 1745 2319 1808 deus
2371 1742 2636 1823 quidam
2680 1761 2869 1822 prae-

505 1844 675 1910 scius
719 1846 1054 1911 inducitur
1098 1865 1138 1910 a
1182 1844 1565 1910 Philemone
1610 1844 1824 1928 (frgm.
1869 1846 1949 1910 91
1998 1843 2236 1930 Kock):

912 1963 983 2027 ὃν
1028 1962 1174 2027 οὐδὲ
1218 1960 1313 2040 εἷς
1351 1962 1620 2049 λέληθεν
1666 1961 1816 2027 οὐδὲ
1859 1962 1925 2027 ἓν
1971 1974 2184 2043 ποιῶν

916 2064 1046 2129 οὐδ’
1086 2060 1168 2129 αὖ
1210 2067 1516 2151 ποιήσων,
1566 2064 1712 2130 οὐδὲ
1754 2068 2131 2152 πεποιηκὼς
2173 2065 2403 2138 πάλαι,

917 2168 1060 2233 οὔτε
1100 2169 1258 2245 θεὸς
1299 2168 1426 2233 οὔτ’
1471 2168 1835 2254 ἅνθρωπος,
1883 2163 2065 2245 οὗτός
2110 2166 2233 2250 εἰμ’
2277 2168 2404 2252 ἐγὼ

909 2270 1070 2358 Ἀήρ,
1117 2271 1190 2336 ὃν
1235 2270 1311 2335 ἄν
1352 2294 1451 2347 τις
1502 2269 1842 2353 ὀνομάσειε
1886 2271 1994 2334 καὶ
2040 2274 2187 2336 Δία.

671 2409 963 2475 Adhibui
1008 2409 1232 2476 Plauti
1277 2412 1660 2493 exemplum,
1706 2413 1783 2474 ut
1828 2411 2358 2489 demonstrarem,
2420 2427 2615 2489 quam
2671 2413 2866 2474 caute

501 2511 688 2579 nobis
734 2515 1060 2595 agendum
1107 2512 1198 2578 sit
1249 2513 1318 2577 111
1379 2511 1800 2579 secernendis
1857 2511 2272 2594 opinionibus
2318 2529 2476 2578 vere
2533 2510 2864 2577 Romanis,

499 2614 688 2698 Quod
749 2616 863 2681 ubi
921 2616 1125 2681 semel
1177 2615 1580 2697 cognoveriS,
1638 2614 1924 2680 fortasse
1968 2614 2313 2696 rationem,
2368 2633 2564 2693 quam
2629 2614 2701 2679 in
2761 2632 2861 2679 se-

499 2717 851 2796 quentibus
898 2723 1242 2782 secuturus
1288 2735 1446 2799 sum,
1490 2716 1821 2797 probabis
1907 2716 2070 2780 Rem
2102 2715 2272 2780 enim
2317 2716 2416 2781 ita
2461 2716 2741 2798 institui,
2787 2722 2865 2782 ut

500 2823 681 2883 certo
726 2821 1001 2898 quodam
1041 2817 1267 2883 ordine
1304 2818 1611 2883 instituto
1642 2818 1939 2900 singulas
1969 2819 2050 2884 de
2078 2818 2290 2883 stellis
2322 2817 2656 2900 opiniones
2688 2820 2865 2899 apud

676 3022 715 3091 ¹)
752 3023 969 3079 Delevit
1003 3023 1246 3077 Marxius
1283 3039 1335 3077 v.
1372 3023 1406 3076 5
1425 3039 1495 3076 a:

976 3130 1139 3180 noctu
1176 3142 1296 3181 sum
1331 3125 1388 3180 111
1426 3126 1574 3180 caelo
1611 3125 1791 3180 clarus
1827 3129 1994 3193 atque
2028 3125 2175 3180 inter
2210 3126 2335 3179 deos

973 3211 1119 3266 inter
1154 3211 1398 3265 mortalis
1431 3210 1649 3265 ambulo
1683 3210 1967 3265 interdius.

492 3314 668 3368 Putat
705 3314 846 3368 enim
883 3314 980 3368 hos
1016 3330 1208 3369 versus
1244 3314 1459 3369 additos
1495 3328 1612 3368 esse
1647 3313 1716 3367 ab
1751 3312 2143 3381 interpolatore
2180 3314 2427 3380 quodam,
2478 3313 2573 3380 qui
2619 3329 2727 3368 non
2780 3314 2860 3368 in-

492 3399 799 3453 tellexisset
832 3399 1263 3454 observationem
1300 3399 1367 3453 de
1402 3399 1550 3453 caelo
1584 3398 1764 3452 facere
1800 3399 2003 3452 stellas
2075 3398 2178 3452 Sed
2212 3398 2344 3452 licet
2365 3398 2465 3453 hoc
2488 3400 2858 3468 concedamuS,

490 3483 548 3538 id
583 3485 893 3539 addendum
931 3494 1031 3553 est,
1066 3485 1512 3553 interpolatorem
1555 3484 1692 3538 talia
1738 3483 1837 3539 vix
1871 3483 2070 3538 addere
2116 3483 2372 3552 potuisse,
2411 3483 2519 3537 nisi
2564 3483 2743 3551 opinio
2791 3484 2857 3539 de

489 3570 662 3625 stellis
692 3570 939 3625 'interdiu
972 3570 1031 3623 in
1068 3576 1217 3626 terra
1250 3570 1585 3638 vagantibus
1623 3569 1768 3636 apud
1805 3576 2019 3623 veteres
2055 3568 2464 3636 percrebuisset.

665 3655 706 3725 ²)
744 3656 900 3709 Hanc
946 3655 1252 3723 opinionem
1303 3654 1471 3708 latius
1519 3654 1765 3723 viguisse
1813 3655 2220 3708 demonstratur
2267 3654 2574 3722 apocalypsi
2621 3655 2855 3721 quadam

426 3790 429 3793 ,
492 3741 799 3807 apocrypha
832 3740 978 3807 apud
1015 3740 1198 3795 Const.
1230 3739 1703 3795 Tischendorf
1735 3756 1865 3808 pag.
1903 3740 2090 3806 3634:
2126 3735 2375 3793 πολλάκις
2397 3737 2457 3790 δὲ
2482 3743 2573 3790 καὶ
2596 3741 2628 3803 ἡ
2665 3737 2854 3805 σελήνη

493 3826 582 3872 καὶ
628 3827 698 3873 τὰ
746 3826 916 3893 ἄστρα
951 3822 1268 3894 προσῆλθον
1304 3835 1384 3889 τῷ
1420 3828 1584 3895 κυρίῳ
1618 3821 1887 3893 λέγοντες·
1936 3828 2082 3894 κύριε
2131 3825 2162 3874 ὁ
2215 3824 2343 3879 θεὸς
2378 3825 2409 3874 ὁ
2443 3829 2854 3895 παντοκράτωρ,

492 3910 624 3973 ἡμῖν
657 3905 893 3964 δέδωκας
937 3912 1036 3975 τὴν
1085 3910 1331 3969 ἐξουσίαν
1381 3919 1474 3976 τῆς
1508 3913 1694 3965 νυκτὸς
1729 3914 1820 3960 καὶ
1866 3912 2040 3960 οὐκέτι
2077 3913 2337 3978 στέγομεν
2380 3914 2476 3964 τὰς
2521 3908 2717 3967 κλοπὰς
2762 3915 2853 3962 καὶ

488 3997 728 4060 μοιχείας
762 3997 852 4044 καὶ
887 3996 1265 4068 αἱματοχυσίας
1299 4003 1413 4047 τῶν
1447 3996 1785 4066 ἀνθρώπων·
1835 3993 2081 4046 κέλευσον
2123 3997 2255 4060 ἡμῖν
2300 3998 2391 4045 καὶ
2435 4000 2743 4063 ποιήσωμεν
2777 4000 2852 4052 εἰς

490 4081 680 4134 αὐτοὺς
714 4082 929 4146 τέρατα.

666 4164 705 4235 ⁸)
740 4165 1003 4235 Vulgaris
1039 4165 1183 4219 enim
1229 4171 1315 4220 est
1348 4166 1527 4234 opinio
1565 4168 1630 4221 de
1661 4164 1868 4222 tabulis
1897 4167 1955 4221 in
1987 4166 2184 4234 quibus
2214 4183 2249 4221 a
2277 4167 2382 4221 diis
2412 4167 2725 4223 scribuntur
2757 4169 2850 4224 ho.-

484 4251 692 4306 minum
715 4250 880 4321 facta,
918 4267 969 4306 v.
995 4251 1059 4306 U.
1086 4251 1275 4320 Kopp
1312 4251 1749 4321 Palacoyraphia
1779 4252 1977 4307 critica
2001 4253 2089 4306 ΠΙ
2123 4269 2175 4321 p.
2212 4252 2281 4306 96
2293 4268 2387 4321 sq„
2425 4254 2487 4306 F.
2512 4254 2704 4307 Marx
2737 4253 2776 4306 l.
2801 4269 2845 4307 c.

482 4353 535 4405 p.
567 4338 663 4393 VI.
734 4337 937 4392 Stellae
973 4337 1118 4405 apud
1153 4338 1412 4405 plurimos
1447 4338 1670 4406 populos
1706 4339 1924 4393 deornm
1963 4338 2149 4393 nuntii
2182 4344 2329 4406 sunt,
2386 4354 2436 4393 v.
2470 4338 2537 4391 R.
2573 4338 2850 4393 Andree

484 4422 992 4493 Ethnoyraphieche
1028 4421 1344 4477 Parallelcn
1378 4422 1497 4477 und
1545 4422 1847 4492 Veryleiche
1882 4440 1934 4492 p.
1972 4424 2089 4477 113.
