3576 5085
1192 1590 1540 1657 CAPVT
1602 1589 2189 1657 SECVNDVM

1364 1763 1490 1844 De
1546 1761 1991 1845 sideribus

1122 1984 1165 2078 ξ
1220 1994 1282 2059 1.
1368 1991 1490 2059 De
1546 1990 2247 2073 septentrionibus

1089 2187 1137 2254 Ι.
1201 2186 1288 2255 De
1336 2187 1855 2272 septentrionum
1906 2186 2285 2256 nominibus.

671 2338 1029 2404 Notissima
1090 2339 1230 2404 eius
1291 2339 1547 2421 sideriS,
1609 2341 1781 2419 quod
1842 2345 2175 2405 nostrates
2232 2341 2596 2420 plaustrum
2656 2338 2864 2405 maius

496 2442 606 2507 vel
652 2460 871 2507 ursam
903 2441 1211 2508 maiorem
1253 2443 1610 2524 appellant,
1656 2443 2137 2524 cognominatio
2184 2441 2524 2508 veteribus
2555 2442 2865 2507 Romanis

497 2550 648 2610 erat
692 2546 1130 2627 septentri
1159 2565 1387 2628 oneS,
1450 2565 1654 2625 quare
1699 2547 1821 2611 hoc
1865 2547 2185 2613 vocabulo
2228 2546 2719 2627 paragraphum
2765 2546 2863 2610 in-

498 2648 737 2730 scripsi
782 2652 851 2714 et
897 2651 980 2714 ab
1027 2667 1102 2714 eo
1147 2648 1413 2713 initium
1452 2647 1695 2714 faciam
1742 2648 2127 2714 disserendi.

670 2751 719 2814 S
735 2752 1324 2832 eptentriones‚
1370 2770 1504 2812 -um
1535 2769 1761 2815 masc:
1803 2752 2084 2831 primum
2114 2751 2364 2831 legitur
2396 2770 2475 2815 ea
2505 2750 2863 2832 appellatio

501 2853 678 2931 apud
716 2853 1026 2917 Plautum
1072 2852 1140 2916 in
1188 2852 1665 2932 Amphitruone
1724 2870 1787 2918 v.
1833 2852 1957 2917 273
2018 2852 2089 2917 in
2132 2853 2474 2917 stellarum
2545 2854 2864 2935 catalogO,

503 2972 691 3033 quem
736 2972 933 3035 supra
977 2975 1037 3035 p.
1081 2956 1121 3020 3
1166 2954 1600 3021 laudavimus
1689 2955 1854 3020 Inde
1901 2974 1942 3019 a
1978 2955 2220 3020 Plauto
2266 2954 2674 3035 sequioribus
2721 2973 2863 3020 sae-

498 3055 664 3121 culis
725 3061 861 3121 tam
904 3075 1121 3138 saepe
1182 3061 1572 3140 usurpatur,
1648 3062 1722 3122 ut
1775 3058 2076 3139 exempla
2137 3057 2374 3123 afferre
2432 3060 2697 3139 longum
2757 3057 2864 3122 sit.

497 3160 817 3224 Attamen
878 3160 1212 3241 Augusteo
1274 3158 1412 3225 fere
1473 3178 1633 3227 aevo
1694 3159 2064 3242 singularia
2125 3161 2447 3240 quaedam
2507 3160 2864 3225 adhibendi

497 3279 743 3343 genera
786 3261 1234 3327 inveniuntur.
1322 3264 1419 3327 Ac
1466 3262 1747 3343 primum
1794 3263 2056 3343 quidem
2087 3267 2323 3344 poetae
2354 3263 2550 3328 metri
2580 3262 2861 3328 necessi-

495 3363 624 3429 tati
669 3364 1092 3429 oboedientes
1138 3364 1208 3429 in
1255 3366 1418 3429 duas
1451 3369 1678 3445 partes
1726 3384 1949 3431 vocem
1991 3364 2380 3431 diviserunt.
2469 3366 2860 3445 Exemplum

501 3466 768 3532 afferam
816 3466 930 3533 Ov.
976 3468 1135 3533 Met.
1180 3467 1249 3531 H
1294 3468 1452 3533 528:

867 3570 1146 3651 Gurgite
1192 3571 1492 3636 caeruleo
1534 3574 1757 3651 septem
1806 3570 2150 3651 prohibete
2195 3571 2443 3634 triones,

666 3672 813 3753 Qua
853 3672 1176 3739 divisione
1208 3674 1409 3738 semel
1454 3691 1760 3739 concessa
1792 3674 1900 3739 vel
1933 3691 2007 3738 eo
2037 3671 2373 3755 progressi
2405 3676 2558 3737 sunt
2604 3676 2857 3754 poetae,

499 3778 574 3838 ut
619 3775 821 3840 solam
881 3775 1308 3855 posteriorem
1370 3794 1595 3841 vocem
1656 3776 1892 3841 omisso
1954 3774 2275 3841 numerali
2335 3775 2646 3841 dicerent.
2749 3774 2859 3841 Sic

494 3874 835 3942 invenitur
879 3879 1050 3958 apud
1096 3877 1465 3961 Vergilium
1510 3880 1673 3944 Aen.
1718 3878 1753 3942 I
1801 3880 1961 3943 744:

754 3981 1112 4045 Arcturum
1158 3981 1548 4061 pluviasque
1592 3981 1870 4062 Hyadas
1913 3981 2335 4061 geminosque
2375 3980 2624 4046 triones

494 4083 565 4145 et
601 4083 777 4162 apud
825 4081 1132 4148 Ovidium
1180 4084 1337 4148 Met.
1368 4084 1436 4148 II
1469 4085 1624 4148 171:

849 4185 1033 4250 Tunc
1078 4184 1357 4265 primum
1403 4185 1606 4250 radiis
1648 4185 1856 4267 gelidi
1904 4185 2170 4251 caluere
2212 4185 2477 4250 triones,

668 4288 812 4353 Hac
856 4286 925 4352 in
972 4306 1044 4352 re
1078 4287 1444 4368 Vergilium
1508 4295 1576 4353 et
1636 4287 1944 4356 Ovidium
1990 4287 2389 4354 recentiores
2434 4292 2668 4368 poetae
2713 4284 2859 4349 imi-

492 4388 625 4453 tati
656 4395 830 4473 sunt,
862 4409 1134 4470 quorum
1165 4389 1422 4456 nomino
1454 4390 1854 4473 Martialem,
1885 4391 1999 4470 qui
2030 4390 2195 4456 dicit
2227 4388 2601 4453 Parrhasios
2630 4388 2860 4450 triones
