3576 5085
516 444 628 524 45]
969 442 1050 497 De
1087 441 1373 497 stellarum
1410 442 1773 511 appellatione
1811 448 1867 498 et
1903 434 2168 514 religione
2205 446 2450 501 Romana
2767 453 2891 518 137

691 614 912 696 Quare
958 613 1126 678 hanc
1171 613 1417 698 Robigi
1461 613 1847 696 religionem
1894 635 1935 681 a
1980 616 2256 683 caninae
2293 619 2529 684 stellae
2574 626 2890 687 remotam

515 723 875 784 teneamus,
1726 722 1727 727 ’

688 821 828 885 Iam
874 821 957 885 ad
1003 819 1294 899 reliquas
1336 819 1697 904 opiniones,
1741 841 1908 903 quas
1952 827 2216 889 veteres
2260 825 2541 891 Romani
2585 827 2667 891 de
2709 825 2889 892 Sirio

514 923 888 1005 habuerint,
932 927 1269 988 transeam
1314 927 1387 987 et
1426 941 1545 988 eas
1589 922 1871 1006 primum
1917 925 2217 1009 afferam,
2276 946 2442 1008 quae
2497 928 2889 995 Latinorum

512 1025 819 1108 propriae
864 1024 1068 1091 fuisse
1110 1025 1274 1090 mihi
1304 1025 1633 1093 videntur.
1723 1027 2079 1094 Caniculae
2110 1040 2406 1095 exortum
2441 1031 2639 1097 nimio
2672 1033 2890 1097 calore

512 1129 821 1212 frugibus
879 1147 1113 1193 nocere
1159 1129 1291 1193 iam
1352 1147 1556 1210 supra
1614 1129 1921 1213 vidimuS,
1989 1149 2193 1212 quare
2252 1132 2615 1214 diligenter
2669 1134 2889 1199 obser·

512 1235 770 1299 vandus
813 1230 917 1313 iis,
965 1231 1077 1311 qui
1121 1231 1430 1297 arboreta
1462 1233 1687 1299 colunt
1732 1233 1924 1316 (Plin.
1955 1234 2109 1300 Nat.
2140 1234 2293 1300 hist.
2337 1235 2538 1301 XVII
2569 1237 2715 1302 223.
2745 1237 2890 1318 249,

510 1335 682 1399 XVI
730 1335 871 1416 191,
917 1334 1118 1400 XVII
1166 1335 1334 1419 132).
1420 1335 1677 1401 ExIstit
1704 1335 2038 1402 interdum
2083 1339 2347 1403 morbus
2392 1337 2648 1421 vitium,
2694 1357 2887 1419 quem

512 1437 856 1502 caniculae
898 1436 1156 1502 auctori
1200 1436 1606 1504 tribuebant.
1694 1439 1810 1504 De*
1841 1440 1963 1504 hoc
2009 1439 2175 1505 dicit
2213 1439 2468 1506 Plinius
2514 1440 2691 1525 (Nat.
2736 1440 2887 1507 hist.

514 1539 756 1605 XVIII
820 1539 1003 1625 272):
1075 1541 1148 1603 iu
1212 1540 1321 1603 hoc
1384 1543 1676 1623 temporis
1752 1543 2078 1607 intervallo
2151 1543 2511 1627 (mensibus
2586 1544 2754 1609 Iulio
2819 1549 2891 1610 et

514 1642 843 1726 Angusto)
903 1662 1004 1706 res
1059 1662 1306 1707 summa
1378 1645 1598 1707 vitium
1672 1645 1887 1726 ayitur
1943 1645 2273 1710 decretorio
2326 1647 2464 1709 uvis*
2525 1645 2725 1710 sidere
2780 1647 2889 1711 z'llo

510 1745 681 1826 quod
737 1745 1087 1809 caniculam
1160 1747 1606 1827 appellavimus
1622 1795 1636 1824 ,
1713 1747 1881 1810 uncle
1938 1748 2388 1812 carbunculare
2446 1749 2747 1811 dicuutur
2817 1754 2890 1812 ut

506 1847 780 1928 «quodam
848 1848 1137 1912 uredinis
1209 1848 1468 1911 carbone
1539 1853 1805 1912 exustae.
1912 1850 2020 1914 Sic
2094 1851 2450 1915 Marcellus
2511 1851 2887 1932 Empiricns

518 1949 708 2031 (XIV
750 1950 863 2034 64)
923 1971 1043 2013 uva
1099 1951 1450 2014 caniculam
1509 1970 1624 2031 pro
1685 1951 1973 2016 remedio
2030 1952 2268 2017 utitur.
2369 1954 2614 2018 Postea
2666 1958 2888 2018 antem

512 2053 813 2117 morbum
840 2052 1056 2133 ipsum
1084 2053 1452 2118 caniculam
1484 2054 1943 2134 appellabant3
1979 2055 2397 2136 Augustinus
2436 2057 2519 2120 ad
2554 2056 2888 2121 Psalmum

517 2155 848 2220 LXXVII
871 2157 953 2221 27
987 2158 1073 2222 ad
1105 2170 1369 2222 versum
1401 2159 1485 2221 46
1516 2156 1712 2221 dicit:
1744 2156 1964 2238 rubiyo
1994 2159 2222 2222 occulte
2237 2163 2449 2234 ‘nocem
2485 2178 2673 2238 quam
2699 2159 2887 2221 etiam

506 2261 876 2340 aeruyiuem
934 2260 1229 2322 nonnulli
1283 2260 1674 2340 interpretati
1727 2265 1893 2343 suut,
1952 2261 2068 2324 alii
2118 2261 2487 2338 caniculam,
2552 2280 2587 2326 e
2649 2261 2886 2342 quibus

515 2362 736 2428 verbis
811 2381 1008 2443 quam
1092 2368 1240 2428 arte
1319 2363 1587 2445 cognati
1645 2362 1900 2428 fuerint
1971 2363 2279 2445 rubigo
2341 2369 2409 2428 et
2469 2363 2886 2447 canicula,

514 2484 683 2546 quae
730 2469 1011 2547 utraqu-e
1058 2465 1292 2530 canino
1337 2466 1661 2531 sacrificio
1708 2466 2116 2550 placabatur,
2157 2467 2398 2532 elucet.

683 2569 960 2651 Saepius
1008 2575 1228 2635 autem
1257 2570 1463 2635 fiebat
1507 2575 1586 2635 ut
1617 2570 1825 2636 sacris
1857 2571 1989 2635 rite
2033 2570 2437 2652 perpetratis
2477 2571 2665 2635 calor
2697 2570 2884 2636 laxa-

512 2677 698 2737 retur
743 2677 812 2737 et
855 2674 959 2736 ira
990 2672 1331 2737 caniculae
1375 2672 1719 2738 videretur
1762 2692 1907 2738 esse
1939 2673 2247 2739 delenita.
2336 2674 2623 2754 Cumque
2664 2674 2884 2738 laetae

508 2779 1033 2839 maturescerent
1078 2779 1217 2838 tum
1264 2779 1547 2855 segetffl,
1593 2775 1888 2841 homines
1929 2793 2009 2840 -eo
2049 2776 2323 2840 adducti
2360 2781 2534 2858 sunt,
2579 2780 2655 2840 ut
2697 2775 2883 2841 adiu-

511 2875 716 2941 vandi
777 2893 1029 2955 quoque
1086 2876 1223 2942 vim
1282 2876 1627 2943 caniculae
1669 2877 1887 2942 inesse
1927 2882 2269 2958 putarent.
2357 2878 2543 2960 Quae
2586 2882 2884 2959 potestas

512 2978 777 3058 saepius
814 2978 1130 3043 laudatur
1160 2978 1335 3063 (Tib.
1367 2980 1438 3045 II
1472 2982 1528 3063 1,
1558 2982 1674 3062 473
1709 2980 1933 3045 Colum
1965 2981 2032 3044 X
2064 2980 2234 3065 400),
2275 2980 2600 3061 imprimis
2631 2980 2883 3047 vitibus

510 3082 599 3145 ad
644 3082 1108 3146 maturandum
1151 3082 1341 3148 utilis
1387 3083 1592 3167 (Pers.
1639 3083 1746 3149 III
1788 3084 1859 3165 53
1924 3083 2149 3149 Claud.
2193 3083 2403 3149 XXII
2447 3083 2617 3168 466).
2724 3082 2883 3148 Cum

510 3184 639 3249 ⁴hac
697 3184 1000 3264 opinione
1061 3186 1413 3251 cohaerere
1465 3187 1839 3267 putaverim
1898 3186 2463 3268 superstitionem,
2522 3187 2654 3251 mel
2712 3187 2882 3266 quod

508 3285 684 3352 Sirio
731 3287 989 3353 oriente
1034 3306 1114 3353 ex
1159 3289 1430 3353 aethere
1488 3289 1762 3353 labatur
1821 3290 2115 3354 salutare
2176 3307 2342 3371 esse,
2404 3307 2598 3369 qua-m
2657 3289 2882 3371 tangit

507 3389 681 3455 Plirn.
726 3390 878 3455 Nat.
910 3390 1063 3456 hist.
1099 3390 1204 3455 XI
1233 3392 1335 3457 30.
1366 3392 1465 3456 37.
1554 3392 1782 3472 Neque
1826 3397 2051 3457 tamen
2085 3394 2175 3457 >ad
2221 3410 2416 3457 unum
2451 3391 2692 3457 Sirium
2736 3410 2880 3457 sese

507 3492 980 3576 applicaverat,
1022 3496 1140 3560 sed
1173 3494 1428 3559 omnino
1473 3493 1542 3558 in
1588 3494 1906 3559 nobilium
1950 3494 2235 3560 siderum
2274 3500 2504 3559 exortu
2535 3495 2733 3560 mella
2761 3513 2879 3575 pro

507 3596 1008 3662 medicamentis
1079 3615 1223 3663 esse
1297 3600 1644 3677 putabant.
1762 3598 1893 3663 Sed
1963 3597 2268 3678 quoniam
2349 3599 2472 3662 hoc
2550 3598 2675 3662 mel
2732 3598 2879 3679 ipso

507 3697 721 3764 Plinio
767 3702 943 3764 teste
1011 3699 1074 3785 (ξ
1133 3701 1242 3780 36)
1297 3718 1535 3782 graece
1592 3700 1882 3766 horaeon
1925 3701 2307 3783 vocabatur,
2365 3700 2652 3766 fortasse
2709 3700 2879 3765 hanc

504 3834 656 3901 yalia
695 3877 707 3888 .
748 3876 758 3888 .
798 3837 1041 3905 afflantur
1074 3852 1126 3889 a.
1164 3835 1215 3890 cl.
1266 3835 1394 3890 VII.
1420 3836 1551 3890 Kal.
1587 3836 1730 3890 Mai.
1770 3880 1780 3891 .
1821 3881 1832 3892 .
1871 3835 2012 3904 quod
2049 3880 2061 3892 .
2101 3880 2112 3891 .
2148 3836 2212 3889 iu
2235 3835 2337 3890 IV.
2374 3835 2506 3889 Kal.
2544 3834 2685 3889 Mai.
2724 3835 2880 3890 canis

512 3918 721 3988 occidit,
771 3921 928 3974 eidus
976 3924 1028 3974 et
1063 3938 1171 3991 per
1205 3937 1262 3975 ee
1307 3922 1588 3976 vehemens
1635 3924 1690 3975 et
1741 3921 1833 3975 cui
1870 3922 2250 3991 praeoccidere
2301 3913 2636 3975 caniculam'
2672 3937 2879 3976 neccsse

508 4002 611 4059 sit:
662 4004 721 4059 in
769 4006 962 4072 quibus
1009 4008 1179 4062 verba
1224 4007 1599 4076 praeoccidere
1656 4007 1968 4061 caniculam
2027 4013 2087 4062 et
2138 4006 2363 4062 dubium
2416 4023 2632 4061 sensum
2682 4012 2740 4062 et
2797 4023 2877 4061 er-

507 4106 682 4144 rorem
706 4091 926 4146 habent.
986 4094 1124 4147 Nam
1152 4099 1252 4148 aut
1274 4094 1585 4148 referuntur
1609 4094 1679 4147 ad
1704 4094 1949 4147 catulum
1975 4093 2336 4147 sacrificatum
2361 4124 2429 4131 —
2452 4093 2508 4147 id
2534 4093 2677 4160 quod
2701 4093 2878 4146 voluit

504 4176 566 4230 L.
603 4176 842 4232 Ideler
876 4179 912 4232 1.
945 4195 984 4232 S.
1012 4196 1139 4249 pag.
1165 4180 1284 4249 254,
1316 4181 1407 4233 sed
1433 4184 1654 4248 propter
1678 4195 1865 4234 vocem
1900 4179 2325 4247 praeoccidere
2361 4179 2540 4232 minus
2576 4179 2755 4246 placet
2780 4197 2874 4229 -ε

504 4271 623 4316 tum
658 4280 767 4317 non
804 4265 870 4318 de
906 4263 1057 4332 Sirio,
1096 4266 1189 4319 sed
1226 4267 1292 4319 de
1329 4265 1541 4333 Robigo
1577 4266 1865 4318 dicendum
1902 4271 2049 4333 erat3
2087 4270 2187 4319 aut
2220 4264 2535 4319 referuntur
2566 4264 2633 4317 ad
2658 4261 2872 4316 stellam

496 4348 821 4417 caniculam,
871 4366 1032 4417 quam
1071 4351 1371 4419 stellarum,
1425 4350 1622 4418 quibus
1658 4350 1842 4419 imago
1877 4350 2073 4405 canina
2107 4351 2445 4418 componitur
2480 4348 2717 4403 omnium
2754 4346 2867 4399 fere

500 4433 733 4501 primam
771 4434 1010 4489 occidere
1046 4435 1208 4491 facile
1245 4436 1431 4491 videre
1466 4441 1636 4504 potes,
