3576 5085
594 437 705 523 71]
1041 438 1123 491 De
1159 437 1442 492 stellarum
1478 436 1843 505 appellatione
1880 442 1938 491 et
1973 436 2237 506 religione
2272 437 2518 491 Romana
2835 439 2961 504 163

592 610 794 689 posita
834 610 922 673 ad
962 616 1183 692 septem
1226 609 1510 693 stellas.¹)
1599 608 1727 674 Sed
1766 626 1914 673 mox
1954 608 2075 674 hoc
2121 626 2374 689 quoque
2405 607 2812 674 intellectum
2858 614 2961 674 est

594 717 844 792 septem
890 712 1042 778 illas
1087 712 1316 778 stellas
1360 714 1555 777 tardo
1599 729 1954 793 progressu
1998 710 2067 776 in
2115 713 2390 776 eundem
2436 729 2693 792 semper
2738 712 2960 777 orbem

593 815 860 897 moveri,
904 816 1076 896 quod
1123 813 1455 896 agricolae
1501 812 1723 879 Italici
1765 815 1990 879 eodem
2034 814 2219 879 modo
2262 812 2405 878 fieri
2451 813 2769 897 sciebant,
2814 832 2961 879 cum

591 920 790 984 boves
849 917 919 983 in
980 936 1140 982 area
1199 915 1600 982 frumentum
1658 916 1938 997 pedibus
1995 916 2322 981 terebant.
2422 916 2644 996 thue
2704 915 2961 982 omnino

592 1020 887 1085 rudiores
924 1019 1151 1102 populi
1182 1019 1558 1085 discernere
1589 1023 1924 1099 nequeunt
1954 1016 2131 1083 inter
2164 1020 2328 1083 duas
2359 1036 2465 1082 res
2497 1017 2758 1101 simileS,
2792 1036 2959 1099 quae

593 1122 753 1203 ipsis
799 1121 1115 1188 videntur
1152 1139 1286 1187 una
1331 1123 1686 1202 eademque
1716 1139 1842 1202 reS,
1888 1124 2136 1201 septem
2168 1119 2399 1185 stellas
2428 1123 2679 1200 septem
2711 1119 2960 1186 triones

593 1224 918 1306 dixerunt,
949 1225 1008 1289 h.
1041 1243 1094 1290 e.
1131 1228 1382 1305 septem
1414 1224 1615 1290 boves
1657 1242 1800 1289 esse
1844 1223 2172 1304 putabant
2201 1240 2468 1288 messem
2506 1222 2963 1307 dete1·enteS.²)

592 1328 820 1407 Neque
866 1345 947 1392 ex
975 1326 1103 1392 hac
1142 1326 1578 1407 appellatione
1611 1324 1964 1406 quidquam
2010 1324 2289 1405 amplius
2334 1326 2416 1389 de
2460 1330 2760 1390 veterum
2806 1324 2960 1390 reli-

592 1429 783 1511 gione
813 1429 1124 1511 colligere
1154 1428 1339 1511 licet3
1372 1430 1604 1494 bovem
1627 1427 1939 1493 Romanis
1971 1428 2334 1510 symbolum
2364 1426 2532 1492 lucis
2565 1427 2772 1493 fuisse
2803 1427 2957 1493 inde

590 1550 719 1597 non
764 1535 1062 1612 apparet.

764 1652 998 1717 Altera
1043 1669 1295 1731 quoque
1326 1651 1762 1716 Romanorum
1801 1649 2301 1733 cognominatiO,
2347 1669 2515 1730 quae
2548 1653 2628 1715 de
2659 1651 2957 1731 plaustro

590 1754 872 1837 cogitat,
929 1753 1087 1820 item
1149 1754 1349 1819 situm
1424 1754 1629 1819 solum
1699 1759 2027 1818 astrorum
2089 1753 2479 1818 considerat.
2583 1753 2958 1819 Similitudo

588 1856 785 1921 trium
818 1856 1106 1937 priorum
1137 1856 1476 1921 stellarum
1522 1874 1666 1921 cum
1702 1860 1962 1922 temone
2006 1859 2191 1920 certa
2230 1859 2298 1920 et
2341 1855 2542 1935 plana
2572 1860 2693 1920 est.
2781 1855 2959 1921 Reli-

590 1977 753 2039 quas
783 1964 1096 2040 quattuor
1127 1959 1378 2024 duabus
1408 1957 1781 2023 rationibus
1813 1957 2245 2039 interpretari
2268 1963 2473 2039 potes,
2504 1957 2644 2023 sive
2676 1976 2959 2039 superne

589 2061 732 2128 sive
779 2081 820 2127 a
861 2061 1073 2126 latere
1117 2061 1472 2143 imaginem
1516 2059 1858 2142 conspicis
1944 2060 2014 2127 Si
2060 2079 2361 2142 superne,
2417 2064 2733 2140 quattuor
2776 2067 2959 2126 rotas

588 2163 871 2248 habeS,⁸)
903 2163 962 2229 si
993 2183 1033 2229 a
1064 2164 1296 2246 latere,
1327 2166 1491 2228 duas
1521 2169 1699 2228 rotas
1732 2169 1804 2228 et
1837 2165 2002 2228 duas
2033 2182 2303 2229 arcerae
2334 2162 2594 2246 fastigii
2625 2180 2956 2229 versuras.

586 2267 754 2332 Utro
778 2267 961 2332 modo
988 2265 1238 2349 singuli
1261 2271 1523 2332 veteres
1548 2265 2012 2348 cogitaverint,
2040 2265 2226 2331 hodie
2243 2265 2573 2330 affirmare
2592 2264 2957 2345 nequimus,

585 2369 745 2450 Ipsa
766 2368 1051 2450 plaustri
1078 2368 1468 2450 imaginatio
1494 2387 1534 2433 a
1560 2386 1685 2449 quo
1711 2370 2102 2449 quandoque
2123 2368 2405 2449 primum
2429 2367 2607 2433 facta
2638 2367 2747 2450 sit,
2779 2367 2956 2432 haud

585 2477 887 2538 constare
917 2471 1153 2537 mirum
1182 2490 1311 2536 non
1342 2481 1462 2536 est.
1533 2470 1802 2537 Sumere
1827 2471 2056 2554 possiS,
2085 2476 2162 2537 ut
2186 2489 2362 2554 vaga
2393 2471 2780 2553 populorum
2811 2469 2955 2537 vita

585 2574 654 2640 in
713 2575 1033 2656 plaustris
1082 2580 1233 2640 acta
1278 2574 1752 2657 agriculturam
1799 2573 2255 2657 antecesserit,
2299 2575 2399 2639 ita
2443 2572 2955 2655 appellationem

585 2678 947 2759 plaustrum
995 2677 1421 2743 vetustiorem
1465 2695 1609 2742 esse
1652 2682 1905 2758 septem
1951 2676 2279 2743 trionibus
2326 2682 2394 2742 et
2432 2676 2771 2742 inventam
2817 2675 2955 2741 illis

586 2778 1006 2860 temporibus,
1052 2796 1177 2858 quo
1208 2778 1367 2843 Itali
1398 2797 1528 2843 una
1568 2797 1711 2843 cum
1744 2778 1964 2844 Graiis
1999 2779 2434 2862 vagabantur,
2480 2779 2576 2844 ita
2619 2783 2694 2843 ut
2724 2779 2954 2844 horum

588 2878 808 2961 ἅμαξα
851 2898 979 2945 11011
1021 2885 1250 2963 mater,
1294 2883 1409 2945 sed
1454 2899 1636 2946 soror
1678 2881 1963 2963 plaustri
2001 2880 2280 2947 Romani
2324 2881 2431 2946 sit.
2520 2881 2649 2946 Sed
2695 2881 2953 2946 omnino

586 3001 714 3049 non
737 2982 1105 3048 necessario
1124 2983 1424 3066 sumitur,
1445 2984 1810 3065 plaustrum
1837 2990 1905 3050 et
1927 2986 2073 3049 ham
2082 3003 2276 3049 axam
2299 2983 2474 3049 inter
2497 3001 2566 3049 se
2586 2983 2955 3050 cohaerere.

585 3085 753 3150 Nam
797 3085 990 3150 multi
1034 3085 1286 3168 populi,
1354 3086 1465 3166 qui
1510 3087 1757 3151 nullam
1803 3086 2140 3169 cogitandi
2183 3087 2733 3152 necessitudinem
2777 3085 2955 3151 inter

586 3205 657 3252 se
703 3188 1096 3270 habuerunt,
1140 3206 1258 3254 sua
1303 3192 1538 3268 sponte
1567 3188 1636 3253 111
1668 3207 1900 3255 currus
1945 3188 2456 3269 appellationem
2502 3187 2954 3273 inciderunt.⁴)

758 3393 798 3461 ¹)
836 3392 987 3447 Idem
1024 3392 1228 3446 habent
1265 3391 1383 3447 Sen.
1416 3392 1611 3447 Troad.
1636 3392 1754 3460 439,
1793 3393 1935 3446 Man.
1973 3391 2000 3445 I
2038 3390 2156 3452 650.
2193 3391 2355 3460 Apul.
2392 3392 2457 3444 de
2493 3393 2691 3446 mundo
2729 3392 2827 3446 XI.

759 3478 802 3545 ²)
846 3477 1106 3532 Permulti
1143 3478 1328 3546 populi
1374 3484 1661 3547 praeterea
1696 3483 1906 3546 septem
1943 3477 2129 3532 stellas
2167 3483 2377 3546 septem
2411 3477 2638 3532 numina
2661 3477 2951 3547 putabant,

581 3565 736 3619 velut
761 3563 1083 3617 Turcestani
1107 3563 1298 3618 dicunt
1323 3580 1415 3619 eas
1455 3567 1660 3633 septem
1681 3563 1841 3630 fures
1882 3569 1940 3618 et
1962 3565 2162 3632 septem
2197 3563 2423 3632 fratres,
2459 3562 2708 3618 hodierni
2733 3563 2946 3634 Graeci,

582 3649 677 3718 qui
702 3650 940 3719 Cyprum
959 3649 1219 3719 incolunt,
1238 3647 1382 3718 ἕφτὰ
1406 3646 1720 3719 πλανήταιε,
1746 3666 1799 3705 v.
1824 3649 1890 3704 N.
1915 3649 1978 3704 G.
1998 3649 2043 3703 P
2058 3648 2264 3704 olitis
2290 3645 2530 3700 Μελέται
2554 3652 2680 3718 περὶ
2701 3653 2803 3701 τοῦ
2824 3654 2950 3716 βίου

581 3738 671 3785 καὶ
693 3736 785 3798 τῆς
805 3730 1042 3804 γλώσσης
1070 3737 1169 3785 τοῦ
1192 3731 1468 3799 ἑλληνικοῦ
1500 3731 1636 3787 λαοῦ
1661 3735 1861 3805 Athen,
1890 3735 2024 3789 1904
2048 3752 2098 3804 p.
2134 3734 2256 3789 816.
2280 3735 2402 3789 Huc
2427 3736 2664 3803 quadrat
2687 3735 2948 3790 Indorum

582 3835 794 3887 quoque
830 3820 1244 3890 cognominatiO,
1283 3820 1377 3887 qui
1415 3826 1623 3890 septem
1659 3822 2023 3876 Romanorum
2058 3821 2223 3876 boves
2270 3825 2480 3889 septem
2517 3820 2793 3890 sapientes
2830 3836 2948 3877 8888

580 3903 868 3974 putabant,
906 3922 959 3961 v.
982 3907 1053 3961 Μ.
1078 3906 1332 3961 Miiller
1380 3906 1538 3961 Wiss.
1576 3906 1674 3961 der
1706 3905 1949 3975 Sprache
1984 3907 2042 3961 II
2067 3923 2119 3975 p.
2143 3905 2263 3976 341,
2300 3906 2369 3960 Η.
2394 3906 2660 3962 Usener
2696 3906 2947 3962 Sintflut-

581 4006 751 4060 sagen
786 4007 838 4059 p.
875 3991 992 4060 243,
1029 3991 1094 4046 Ν.
1132 3992 1196 4045 G.
1233 3992 1499 4047 Politis
1535 3994 1571 4047 l.
1608 3992 1644 4047 1.
1682 4009 1732 4061 p.
1769 3992 1889 4047 816.
2215 3992 2257 4060 ³)
2293 3992 2435 4047 Vide
2470 4009 2637 4061 supra
2671 4010 2721 4061 p.
2759 3993 2841 4048 65.

754 4076 798 4145 ⁴)
835 4093 888 4132 v.
936 4077 987 4131 J.
1036 4077 1289 4132 Grimm
1336 4079 1372 4132 l.
1422 4078 1456 4132 l.
1504 4095 1556 4146 p.
1605 4078 1724 4133 604.
1809 4078 2068 4133 Germani
2115 4079 2184 4133 de
2232 4077 2378 4133 Iovis
2427 4094 2589 4133 curru
2626 4078 2950 4148 cogitabant

581 4162 780 4231 (worma
813 4179 1015 4232 wayen,
1054 4162 1126 4218 ib.
1162 4180 1211 4232 p.
1251 4162 1387 4233 125).
1458 4164 1671 4220 Similes
1696 4165 2086 4219 Germanorum
2123 4164 2446 4232 sententiae,
2483 4164 2661 4232 quiet
2684 4169 2947 4234 aratrum,

578 4254 743 4317 rotae,
781 4254 1066 4317 temonem,
1105 4264 1269 4317 equos
1305 4254 1404 4303 aut
1438 4249 1601 4305 boves
1647 4250 1855 4306 temoni
1891 4250 2149 4320 alligatos
2174 4250 2481 4319 conspicere
2515 4249 2619 4304 sibi
2655 4248 2761 4304 visi
2797 4254 2946 4318 sunt,

579 4340 969 4389 enumerantur
992 4351 1025 4389 a
1048 4335 1112 4389 E.
1138 4334 1369 4402 Meyer
1404 4335 1462 4389 in
1486 4336 1610 4392 adn.
1646 4336 1718 4390 ib.
1754 4352 1808 4404 p.
1837 4335 1956 4391 212.
1982 4367 2049 4376 -
2075 4336 2306 4390 Currum
2341 4336 2760 4405 appellaverunt
2795 4333 2944 4388 sidus

574 4419 619 4473 ii
644 4436 856 4488 quoque
891 4419 1093 4489 populi,
1131 4419 1225 4488 qni
1250 4421 1319 4474 ad
1356 4420 1617 4477 orientem
1642 4421 1810 4477 solem
1834 4422 2241 4491 habitaverunt,
2279 4438 2329 4477 v.
2366 4421 2647 4489 Epping
2682 4419 2944 4472 Astrono-
