3576 5085
486 425 599 514 63]
939 429 1021 482 De
1058 428 1339 482 stellarum
1380 427 1743 496 appellatione
1778 436 1836 483 et
1872 428 2135 498 religione
2174 429 2416 484 Romana
2726 431 2851 497 155

486 597 720 661 dictum
756 602 958 677 putat.
1047 595 1339 660 ‘Triones'
1385 598 1548 659 euim
1590 616 1702 677 per
1742 616 1866 660 sese
1895 597 2055 661 nihil
2098 598 2453 678 siquifiicare
2497 601 2695 677 aiunt,
2742 601 2853 664 sed

484 700 759 764 vocabuli
787 718 910 763 esse
931 700 1448 780 supplementum3
1478 700 1638 763 sicut
1660 700 1730 763 iu
1759 719 1840 782 eo,
1873 699 2036 779 quod
2065 702 2516 781 ‘quinquatrus’
2548 701 2848 781 dicamuS,

485 802 648 883 quod
690 804 960 883 quinque
1003 802 1079 866 ab
1123 801 1344 864 Idibus
1399 801 1641 865 dierum
1685 822 1985 865 uumerus
2024 804 2124 879 sit,
2189 803 2403 867 ‘airus'
2460 804 2636 867 nihil.
2729 804 2849 870 Cui

485 906 857 970 sententiae
903 904 1211 970 assentiri
1255 905 1434 969 nullo
1480 907 1664 970 modo
1703 923 2058 985 possumus
2147 907 2311 971 Nam
2354 908 2613 970 trionem
2658 926 2850 973 voca-

486 1008 708 1072 bulum
755 1007 1016 1087 aliquod
1061 1007 1130 1072 in
1191 1026 1261 1072 se
1327 1008 1697 1072 absolutum
1758 1006 1961 1073 fuisse
2018 1010 2320 1073 docemur
2379 1014 2448 1074 et
2505 1013 2852 1090 poetarum

485 1110 750 1191 τμήσεσι
794 1128 995 1190 supra
1030 1129 1089 1191 p.
1122 1110 1205 1174 59
1254 1109 1496 1191 allatis,
1545 1109 1658 1189 qui
1700 1129 2053 1190 numquam
2100 1111 2298 1175 simili
2349 1114 2533 1176 modo
2581 1113 2853 1193 quinque

487 1218 555 1278 et
598 1217 776 1276 airus
819 1212 887 1276 in
934 1212 1059 1276 duo
1106 1211 1504 1293 diviserunt3
1569 1213 1871 1277 docemur
1916 1217 2266 1293 praeterea
2326 1233 2417 1296 eo,
2479 1216 2650 1294 quod
2696 1214 2851 1281 Trio

489 1315 752 1396 saepius
784 1332 902 1396 pro
934 1313 1264 1379 hominum
1295 1314 1861 1395 cognominatione
1900 1321 2227 1396 appareat
2273 1316 2356 1399 (v.
2388 1336 2590 1398 supra
2622 1336 2683 1398 p.
2722 1319 2851 1397 62).

662 1416 957 1482 Tertiam
982 1416 1346 1496 opinionem
1370 1417 1810 1482 recentiorum
1835 1418 2100 1497 quidam
2124 1420 2419 1502 protulit,
2452 1419 2521 1484 O.
2552 1420 2613 1484 K
2632 1420 2800 1485 elle
2816 1440 2851 1485 1·

491 1519 649 1601 dico,
711 1520 824 1600 qui
882 1519 949 1584 in
996 1519 1164 1584 libro
1211 1519 1391 1582 Tiere
1441 1519 1547 1582 des
1594 1519 1963 1583 blassiscberi
2007 1522 2359 1585 Altertums
2401 1541 2463 1602 p.
2511 1523 2634 1586 126
2703 1541 2850 1587 con-

489 1622 665 1687 cedit
746 1621 1019 1687 trionem
1089 1621 1340 1702 aliquid
1411 1621 1819 1705 significare,
1889 1627 1956 1686 et
2028 1622 2195 1688 idem
2261 1625 2383 1689 hoc
2449 1642 2589 1690 esse
2649 1630 2851 1705 atque

486 1724 762 1806 figuram
822 1725 932 1791 vel
1006 1724 1210 1790 sidus.
1333 1724 1473 1805 Quo
1533 1725 1644 1806 fit,
1717 1729 1796 1789 ut
1860 1732 2136 1806 cogatur
2205 1744 2459 1791 sumere
2528 1727 2851 1806 pluralem

485 1827 680 1892 huius
724 1827 903 1893 vocis
949 1826 1224 1891 formam
1283 1825 1715 1890 recentiorem
1775 1845 1918 1891 esse
1977 1827 2304 1908 singulari
2365 1830 2447 1908 (p.
2495 1828 2676 1912 126);
2737 1831 2852 1894 ad-

487 1948 716 1995 versus
765 1948 910 1994 eum
959 1929 1302 1993 dicendum
1352 1933 1452 1992 est
1498 1929 1985 2008 septentriones
2033 1934 2213 1994 certe
2256 1930 2661 2010 antiquiores
2709 1950 2851 1995 esse

487 2031 937 2112 septentrione
985 2032 1070 2115 (v.
1119 2049 1317 2111 supra
1361 2050 1423 2110 p.
1458 2031 1583 2114 60).
1672 2031 1899 2110 Neque
1944 2031 2089 2112 ipse
2136 2031 2264 2096 sibi
2302 2031 2367 2096 in
2417 2052 2494 2097 ea
2539 2052 2695 2101 voce
2743 2052 2851 2097 ex-

486 2136 822 2216 plananda
853 2133 1154 2198 constitit
1182 2133 1513 2216 Keller,
1547 2134 1660 2214 qui
1691 2153 1748 2215 p.
1779 2135 1906 2199 378
1932 2136 2080 2199 adn.
2105 2135 2232 2200 240
2267 2134 2551 2199 Gellium
2582 2140 2848 2200 secutus

487 2239 635 2301 -trio
665 2237 961 2319 syllabas
1003 2236 1199 2317 stirpi
1230 2236 1502 2302 suffixas
1536 2236 1778 2301 nullius
1811 2237 2121 2302 momenti
2153 2256 2297 2302 esse
2330 2237 2517 2302 dixit.
2607 2237 2736 2303 Sed
2769 2240 2850 2303 de

486 2342 609 2406 hac
654 2340 985 2406 sententia
1031 2340 1159 2404 iam
1206 2344 1424 2405 66111111
1471 2344 1590 2406 681.

658 2443 960 2508 Fuerunt
983 2447 1203 2508 tamen
1231 2448 1297 2507 et
1320 2443 1454 2525 alii,
1479 2443 1590 2522 qui
1615 2442 1895 2507 trionem
1917 2441 2091 2506 idem
2115 2442 2339 2508 valere
2367 2447 2564 2522 atque
2590 2442 2850 2507 stellam

487 2551 812 2628 putarent.
903 2547 1187 2628 Quorum
1219 2546 1477 2612 nomino
1524 2547 1658 2610 Th.
1703 2547 1756 2610 B
1777 2545 1922 2610 ens
1932 2563 2031 2628 ey
2080 2544 2323 2608 Griecb..
2367 2545 2855 2609 Wurzellexicou

487 2651 521 2715 I
567 2651 738 2733 661„
775 2649 888 2729 qui
948 2649 1336 2713 Latinorum
1396 2650 1515 2710 trio
1579 2648 1938 2729 composuit
1999 2667 2143 2714 cum
2202 2648 2423 2713 radice
2484 2648 2855 2714 sanscritea

488 2753 604 2814 stri
632 2783 689 2805 cv
718 2752 876 2814 astri
903 2782 960 2804 cv
986 2750 1282 2831 stramen,
1342 2749 1528 2814 cuius
1575 2749 1975 2815 sententiam
2038 2750 2298 2830 excepit
2359 2751 2444 2814 M.
2489 2750 2855 2816 Mueller

498 2851 947 2932 Wisseuscha-ft
989 2851 1102 2914 der
1145 2851 1416 2931 Sprache
1460 2852 1530 2916 II
1575 2852 1702 2916 344
1766 2851 1977 2917 fusius
2025 2870 2353 2932 exponens
2398 2853 2517 2914 irio
2560 2852 2854 2920 derivari

490 2973 681 3036 posse
728 2973 769 3019 a
813 2973 971 3020 voce
1018 2957 1295 3035 quadam
1345 2954 1540 3037 *tar-a,
1602 2973 1769 3034 quae
1818 2972 1899 3019 ex
1944 2954 2151 3017 *stara
2195 2953 2282 3038 (ω
2307 2955 2543 3017 sterula
2570 2985 2627 3008 ω
2653 2955 2853 3036 stella)

491 3059 776 3123 deducta
823 3057 913 3122 sit
956 3056 1194 3122 amissa
1239 3058 1452 3138 prima
1504 3057 1755 3122 littera.
1844 3058 2081 3137 Itaque
2129 3060 2378 3137 septem
2424 3055 2676 3122 triones
2719 3057 2855 3123 sint

488 3165 740 3240 septem
786 3160 1034 3225 stellae.

661 3262 782 3327 Cui
829 3261 1258 3343 explicationi
1303 3265 1747 3344 respondeam,
1804 3262 1924 3324 trio
1970 3280 2010 3326 a
2055 3260 2264 3324 *stara
2329 3261 2622 3327 derivari
2666 3279 2854 3342 posse

489 3363 765 3448 quidem,
797 3366 913 3430 sed
942 3364 1205 3430 minime
1237 3364 1477 3431 deberi.
1566 3365 1750 3446 Quod
1781 3367 1858 3428 ut
1886 3363 2184 3445 sentiam,
2216 3365 2504 3429 adducor
2534 3364 2856 3429 Varronis

488 3467 908 3550 auctoritate,
954 3466 1066 3548 qui
1098 3469 1178 3532 de
1210 3469 1250 3532 1.
1279 3468 1319 3531 1.
1352 3466 1483 3532 VII
1517 3468 1596 3532 73
1615 3486 1706 3547 sq.
1751 3467 1917 3531 haec
1949 3465 2192 3531 tradit:
2238 3465 2539 3530 Arbitror
2568 3467 2857 3547 antiquos

486 3572 749 3634 rusticos
780 3571 1064 3651 primum
1107 3574 1348 3633 notasse
1391 3569 1694 3649 quaedam
1736 3570 1808 3632 iu
1840 3570 2003 3632 caelo
2040 3571 2228 3650 siqua
2273 3621 2286 3634 .
2335 3617 2350 3632 .
2401 3617 2414 3631 .
2461 3567 2630 3632 Eius
2670 3570 2855 3650 siqua

485 3678 647 3756 suut,
693 3673 859 3754 quod
892 3672 1006 3736 has
1032 3677 1255 3755 sepiem
1284 3673 1492 3737 stelias
1526 3671 1752 3737 Graeci
1795 3676 1865 3735 ut
1894 3672 2206 3736 Homerus
2247 3676 2462 3735 vocarit
2506 3670 2756 3752 ἅμαξαν
2798 3676 2854 3735 et

478 3777 907 3858 propinquum
954 3777 1086 3839 eius
1126 3776 1378 3856 siyuum
1421 3779 1683 3860 βοώτην,
1727 3777 1927 3839 nostri
1966 3794 2069 3838 eas
2110 3779 2332 3856 septem
2374 3774 2583 3837 stellas
2627 3775 2855 3837 triones

489 3882 544 3940 et
588 3882 882 3941 temonem
927 3883 984 3941 et
1018 3897 1214 3959 prope
1258 3898 1365 3942 eas
1392 3897 1571 3942 axem
1589 3898 1610 3955 ,·
1654 3878 1916 3941 Triones
1957 3879 2120 3940 euim
2149 3882 2205 3941 et
2249 3877 2416 3940 boves
2459 3876 2855 3957 appellantur

488 4000 529 4066 a
574 3979 849 4043 bubulcis
903 3982 1143 4043 etiam
1203 4000 1415 4044 nuuc
1461 3982 1728 4045 maxime
1767 4000 1907 4043 cum
1952 3984 2142 4043 ararit
2186 3984 2449 4059 terram3
2511 3999 2543 4042 6
2586 3980 2728 4059 quis
2783 3983 2854 4041 ut

487 4083 639 4147 dicii
680 4084 945 4146 valentes
993 4082 1274 4148 G-Iebarii
1317 4085 1427 4164 qui
1465 4084 1658 4164 facile
1690 4083 2061 4166 prosciduut
2095 4081 2319 4164 ylebaS,
2364 4083 2452 4145 sic
2497 4100 2701 4145 omnes
2744 4083 2856 4162 qui

487 4191 719 4249 terram
765 4185 1031 4249 arabant
1076 4207 1114 4249 a
1161 4190 1330 4250 terra
1377 4186 1724 4270 TerrioueS‚
1767 4186 1932 4249 uude
1975 4186 2235 4249 Triones
2278 4190 2348 4248 ut
2391 4185 2740 4248 dicerentur
2779 4183 2853 4245 de

489 4288 718 4373 tritu.1)
786 4287 915 4354 Sed
946 4294 1285 4371 oppugnat
1315 4289 1603 4354 Varroni
1633 4289 1719 4354 M.
1751 4288 2148 4371 Mueller,
2193 4290 2345 4353 dum
2375 4287 2539 4353 dicit
2569 4285 2850 4351 trionem

664 4426 704 4494 1)
741 4426 898 4479 Hanc
934 4425 1349 4494 explicationem
1385 4425 1592 4494 profert
1628 4424 1839 4480 Gellius
1876 4440 2086 4493 quoque
2121 4424 2186 4477 N.
2213 4426 2279 4478 A.
2317 4424 2373 4477 II
2397 4424 2479 4491 21,
2519 4437 2547 4476 6
2572 4437 2675 4489 (1110
2712 4437 2850 4475 60111-
