3576 5085
724 419 849 483 170
1624 413 1927 468 Guilelmus
1964 413 2179 468 Gundel
2979 412 3087 501 [78

724 589 848 651 176
866 613 879 668 ;
906 586 1215 650 inoccidui
1238 585 1485 651 triones
1511 584 1848 651 Claudian.
1866 583 2202 649 XXXVII
2219 613 2303 638 =
2321 602 2514 649 carm.
2540 583 2690 648 min.
2715 584 2882 649 LIII
2903 585 2979 650 11
3000 610 3014 664 ;
3037 584 3088 668 1)

722 690 914 770 signa
954 688 1259 753 nocturni
1300 690 1499 751 inscia
1530 706 1721 753 casus
1757 687 1995 752 Avien.
2026 687 2095 751 II
2129 688 2268 752 115.
2357 686 2481 751 His
2514 687 2800 753 testibus
2847 688 3088 753 addam

721 791 1094 857 Ciceronem
1142 792 1222 856 de
1270 795 1403 856 nat.
1452 792 1623 855 deor.
1668 789 1740 854 II
1773 791 1896 855 105
1943 794 2012 854 et
2055 788 2479 855 Lactantium
2522 789 2736 855 instit.
2780 789 2910 856 div.
2956 790 3090 855 VII

725 896 824 975 14,
855 894 894 959 8
942 893 1236 959 dicentes
1286 894 1367 958 de
1413 898 1661 974 septem
1713 892 1925 957 stellis
1971 911 2140 973 quae
2189 911 2318 958 non
2363 891 2689 958 occidunt.

894 995 1062 1062 Miro
1124 1001 1344 1061 autem
1418 998 1604 1062 modo
1666 995 2173 1061 delectabantur
2246 998 2583 1077 poetarum
2653 996 3091 1061 Romanorum

723 1098 942 1181 animi,
989 1118 1133 1164 cum
1180 1098 1330 1163 aliis
1377 1117 1634 1178 semper
1665 1097 1888 1164 verbis
1936 1096 2381 1178 exprimerent
2425 1098 2915 1178 septentriones
2958 1116 3089 1163 non

722 1202 1047 1268 occidere:
1079 1202 1201 1267 hoc
1232 1206 1379 1266 erat
1410 1202 1610 1266 maris
1649 1201 2118 1266 mediterranei
2150 1200 2407 1283 accolis,
2445 1220 2573 1266 non
2606 1201 2815 1283 mergi
2846 1200 3092 1267 Oceani

722 1303 1031 1368 fluctibus
1077 1309 1152 1368 ut
1211 1304 1468 1383 reliqua
1520 1303 1757 1368 sidera.
1848 1303 2035 1384 Quod
2096 1302 2227 1367 iam
2274 1302 2543 1369 Homeri
2601 1303 3005 1382 temporibus
3051 1323 3092 1369 a

724 1405 998 1471 Graecis
1060 1407 1478 1471 observatum
1536 1410 1685 1470 erat
1743 1406 1843 1489 (ΙΙ.
1889 1405 2125 1470 XVIII
2169 1406 2314 1488 488,
2358 1406 2473 1471 Od.
2519 1406 2578 1470 V
2625 1406 2793 1488 274),
2855 1410 2924 1471 et
2984 1424 3092 1471 ca-

724 1508 1249 1573 tasterismorum
1283 1512 1584 1573 auctores
1623 1527 1884 1573 causam
1919 1526 2059 1573 esse
2086 1507 2585 1574 affirmaverant
2614 1508 2885 1573 Iunonis
2908 1508 3091 1589 iram,

724 1629 892 1691 quae
938 1610 1357 1676 Callistonem
1402 1609 1719 1690 paelicem
1780 1609 2014 1692 punire
2059 1611 2262 1676 vellet
2306 1629 2347 1675 a
2378 1610 2716 1675 lavatione
2761 1609 3094 1676 recreanti

725 1713 1124 1795 prohibitam
1158 1712 1241 1796 (v.
1281 1713 1398 1778 Ov.
1431 1714 1588 1778 Met.
1618 1712 1689 1777 II
1715 1714 1842 1777 527
1867 1731 2032 1793 sqq.;
2080 1713 2254 1777 FPR
2299 1715 2397 1779 ed.
2429 1713 2728 1777 Bahrens
2760 1733 2816 1794 p.
2848 1714 2993 1794 327,
3024 1712 3091 1796 5)

725 1835 898 1897 quae
957 1815 1249 1881 narratio
1310 1816 1721 1897 praeclarum
1776 1817 2141 1897 exemplum
2187 1820 2289 1881 est
2341 1815 2608 1881 fabulae
2656 1815 3091 1898 aetiologicae

725 1938 918 2000 quam
964 1938 1291 1985 vocamus,
1382 1918 1590 2001 Quam
1651 1918 2095 1984 narrationem
2140 1922 2507 1999 sequuntur
2554 1919 2852 2000 epitheta
2896 1918 3094 1984 haec:

726 2023 907 2085 Arcti
938 2023 1227 2105 aequoris
1255 2026 1526 2103 expertes
1549 2022 1666 2087 Ov.
1694 2022 1852 2087 Met..
1875 2022 2047 2086 XIII
2074 2022 2217 2103 727,
2247 2022 2491 2104 {quotae
2522 2021 2782 2084 tumidis
2804 2020 3096 2102 fluctibus

724 2124 908 2187 Arcti
930 2123 1145 2188 Germ.
1171 2124 1282 2187 Ar.
1306 2124 1549 2188 Phaeu.
1575 2124 1676 2205 63,
1715 2125 2018 2187 immunis
2039 2126 2329 2207 aequoris
2351 2130 2554 2186 arctos
2584 2123 2700 2191 OV.
2732 2124 2889 2189 Met.
2913 2123 3090 2189 XIII

728 2227 875 2302 293,
906 2228 1217 2288 immunia
1244 2226 1471 2309 liquidi
1489 2228 1670 2308 ponti
1690 2228 1874 2305 siqua
1900 2225 2016 2292 OV.
2039 2226 2224 2291 Fast.
2246 2225 2340 2290 IV
2366 2226 2523 2306 5753
2551 2227 2850 2288 immunis
2880 2244 3095 2289 caeru-

729 2328 839 2391 leis
862 2330 1042 2410 aquis
1073 2327 1219 2393 Sen.
1251 2329 1374 2410 Ag.
1400 2327 1515 2409 69;
1545 2328 1758 2391 stellae
1788 2347 2133 2411 numquam
2164 2332 2484 2412 tanqeutes
2513 2348 2744 2412 aequor
2774 2327 2889 2395 OV.
2921 2326 3097 2393 trist.

728 2430 835 2496 III
870 2431 968 2512 10,
999 2431 1068 2510 33
1111 2436 1388 2493 monstra
1420 2450 1767 2514 numquam
1794 2431 2055 2511 perfusa
2086 2433 2254 2495 mari
2284 2430 2429 2496 Sen.
2455 2431 2723 2513 Thyest.
2749 2431 2906 2511 8673
2936 2431 3098 2494 sicca

719 2532 1015 2614 plaustra
1057 2532 1319 2599 Gaetul.
1365 2563 1449 2587 =
1496 2532 1673 2599 FPR
1719 2535 1816 2600 ed.
1861 2532 2055 2598 Bahr.
2101 2554 2160 2614 p.
2206 2535 2351 2616 361,
2397 2534 2453 2608 3,
2498 2533 2745 2599 Lucan.
2790 2532 2894 2598 IX
2939 2532 3097 2614 5403

726 2639 892 2700 sicca
935 2638 1116 2719 siqua
1163 2636 1278 2703 Ov.
1326 2636 1527 2701 Trist.
1573 2637 1668 2701 IV
1716 2637 1773 2718 9,
1816 2638 1914 2718 18,
1959 2638 2157 2700 siccae
2198 2637 2380 2699 Arcti
2422 2637 2537 2703 Ov.
2570 2636 2767 2701 Trist.
2813 2636 2846 2700 I
2894 2637 2952 2718 2,
2996 2636 3099 2718 29,

729 2739 904 2805 Man.
935 2740 970 2805 I
1002 2740 1144 2822 610,
1186 2739 1334 2805 Sen.
1365 2740 1536 2805 Med.
1557 2740 1728 2819 ‘4053
1767 2741 1926 2802 sicca
1970 2740 2113 2820 fera
2143 2740 2260 2807 Ov.
2292 2739 2463 2804 trist.
2493 2740 2588 2804 IV
2619 2740 2677 2821 3,
2725 2741 2793 2820 1;
2841 2737 3101 2821 liquidis

728 2862 890 2926 quae
912 2849 1077 2906 caret
1099 2842 1319 2905 Arctos
1341 2843 1523 2925 aquis
1547 2841 1664 2908 Ov.
1688 2843 1782 2906 Ib.
1811 2843 1969 2922 4743
1999 2844 2170 2922 cquis
2196 2840 2434 2905 Oceano
2463 2843 2680 2905 vetitus
2703 2841 2870 2906 Stat.
2896 2841 3101 2907 Theb.

730 2946 863 3010 VII
907 2946 978 3026 83
1039 2947 1243 3008 nescia
1288 2947 1473 3025 siqua
1516 2944 1672 3007 salis
1714 2943 1948 3010 Avien.
1992 2945 2066 3008 II
2113 2944 2269 3024 1153
2316 2963 2657 3027 numquam
2702 2945 2894 3006 tincta
2924 2943 3102 3007 vadis

731 3049 907 3113 Man.
951 3048 1011 3112 V
1057 3049 1201 3129 696,
1248 3048 1356 3129 qui
1401 3066 1525 3109 uon
1573 3048 1879 3127 meryitur
1921 3046 2114 3110 undis
2156 3049 2297 3110 axis
2339 3046 2588 3111 Lucan.
2634 3045 2803 3111 VIII
2850 3047 2993 3111 175.

903 3151 1127 3231 Neque
1173 3148 1406 3213 mirum
1451 3154 1585 3231 est,
1646 3150 1819 3230 quod
1880 3150 2044 3215 haec
2096 3148 2454 3231 singularis
2517 3147 2848 3229 apparitio
2908 3147 3099 3214 vario

731 3254 917 3316 modo
974 3252 1043 3315 in
1102 3251 1436 3333 proprium
1497 3271 1683 3318 usum
1746 3271 1788 3316 a
1846 3251 2058 3334 poetis
2130 3250 2433 3317 adhibita
2502 3256 2617 3316 est.
2725 3250 3100 3316 Proximum

733 3359 913 3434 erat,
974 3359 1049 3418 ut
1108 3374 1235 3420 non
1281 3356 1618 3437 vulgarem
1664 3360 2099 3435 sequerentur
2143 3353 2452 3435 fabulam,
2513 3355 2628 3421 sed
2674 3373 2710 3420 e
2770 3353 3102 3420 contrario

732 3459 1223 3539 contenderent,
1267 3475 1394 3522 non
1425 3456 1758 3539 prohiberi
1805 3459 1887 3523 ab
1920 3459 2178 3524 Oceano
2217 3457 2466 3539 stellaS,
2511 3458 2628 3522 sed
2671 3455 3102 3522 reformidare

734 3576 900 3624 eum.
1001 3560 1188 3641 Quod
1248 3560 1497 3625 Aratus
1555 3560 1869 3642 repperit,
1928 3580 1987 3628 v.
2060 3560 2293 3640 phaen.
2352 3560 2470 3624 48:
2545 3556 2767 3642 ἄρκτοι
2834 3560 3102 3621 κυανέου

607 3667 610 3671 ’
732 3660 1216 3744 πεφυλαγμέναι
1279 3660 1603 3745 ὠκεανοῖο,
1665 3682 1857 3743 quem
1903 3661 2235 3745 Vergilius
2286 3661 2587 3727 imitatus
2648 3679 2792 3728 esse
2840 3660 3104 3728 videtur

733 3763 971 3845 Georg.
1019 3765 1053 3829 I
1101 3765 1226 3829 246
1271 3771 1469 3828 arctos
1517 3763 1745 3828 Oceani
1790 3770 2119 3828 metuentes
2160 3783 2422 3848 aequore
2466 3765 2689 3847 linqui.

907 3865 1057 3931 Alio
1104 3868 1289 3932 modo
1332 3866 1741 3932 adhibebant
1786 3865 2303 3948 septentrionum
2336 3866 2421 3931 ab
2452 3865 2712 3932 Oceano
2757 3863 3103 3931 discidium

734 3972 1006 4051 poetae,
1067 3970 1218 4034 dum
1278 3970 1577 4034 rhetores
1637 3969 1849 4034 secuti
1901 3966 2211 4032 ἀδυνατόν
2267 3990 2330 4030 τι
2403 3966 2800 4051 significant.
2903 3965 3103 4032 Cuius

735 4087 890 4134 usus
938 4072 1062 4136 duo
1111 4075 1347 4135 extant
1385 4089 1645 4152 genera.
1733 4070 2037 4137 Alterum
2090 4073 2263 4151 quod
2320 4070 2463 4136 fieri
2528 4069 2760 4151 nequit
2818 4068 3105 4151 plaustri

737 4173 1031 4254 exemplo
1104 4173 1430 4239 illustrat:
1491 4173 1864 4239 inauditum
1934 4172 2183 4254 aliquid
2249 4173 2422 4239 idem
2483 4176 2585 4238 est
2647 4177 2845 4252 atque
2906 4189 3104 4236 ursae

911 4308 950 4377 1)
988 4308 1147 4363 Hunc
1183 4308 1242 4362 in
1277 4324 1494 4363 sensum
1530 4308 1785 4363 dicuntur
1823 4308 1963 4364 arcti
1999 4325 2032 4363 a
2062 4308 2380 4363 Germanico
2406 4311 2496 4362 Ar.
2523 4307 2727 4362 Phaeu.
2754 4306 2850 4360 64:
2886 4321 3098 4375 semper

732 4392 1038 4448 inocciduis
1074 4396 1351 4449 servantes
1387 4393 1604 4464 ignibus
1646 4409 1832 4448 axem.
