3576 5085
592 365 700 456 21]
1037 368 1119 422 Dc
1155 368 1439 422 stellarum
1475 366 1840 435 appellatione
1877 373 1935 422 et
1969 367 2233 436 religione
2267 369 2512 423 Romana
2833 370 2960 436 113

763 540 1122 620 Postquam
1201 537 1480 604 Romani
1563 537 1691 603 tali
1762 539 1950 604 modo
2023 537 2370 605 luciferum
2448 558 2593 605 cum
2679 557 2955 621 vespero

593 646 1111 724 composuerunt,
1178 640 1541 706 difficultas
1584 641 1955 723 oriebatur,
1999 660 2125 721 quo
2172 641 2428 707 nomine
2473 643 2646 708 hanc
2689 643 2954 709 stellam

589 745 1017 828 appellarent.
1143 744 1380 824 Itaque
1468 743 1600 808 iam
1685 745 1867 810 nullo
1948 744 2327 810 discrimine
2366 744 2577 810 *facto
2666 750 2786 811 aut
2875 746 2958 813 de

587 865 859 929 vespero
890 866 1083 912 mane
1126 847 1516 927 splendente
1546 849 1665 911 aut
1692 848 1771 911 de
1804 845 2077 925 lucifero
2123 866 2267 913 sero
2298 846 2553 913 oriente
2582 848 2957 931 loquuntur,

590 949 776 1016 cuius
819 950 921 1015 rei
966 955 1174 1015 testes
1219 947 1623 1014 chalcidium
1665 968 1818 1030 pag.
1864 949 1945 1015 18
2002 952 2073 1015 et
2115 949 2602 1015 Priscillianum
2658 967 2809 1034 pag.
2872 947 2955 1016 12

595 1052 813 1119 attuli.
900 1052 1031 1118 Sed
1088 1071 1218 1118 non
1284 1051 1504 1117 cuncti
1547 1051 1830 1117 Romani
1893 1051 2260 1117 doctrinam
2318 1054 2487 1118 hanc
2546 1058 2956 1137 receperunt,
3057 1048 3060 1049 ⁷

587 1156 782 1221 immo
825 1155 1019 1221 multi
1061 1172 1333 1222 avorum
1377 1152 1776 1220 sententiam
1824 1154 2034 1220 secuti
2098 1173 2359 1236 semper
2398 1154 2577 1221 inter
2637 1155 2830 1221 iubar
2886 1160 2956 1222 et

591 1277 940 1341 vesperum
973 1257 1436 1323 distinxerunt.
1526 1257 1634 1323 Sic
1663 1258 1749 1322 M.
1781 1256 2134 1323 Terentius
2164 1258 2379 1324 Varro
2423 1257 2494 1323 in
2529 1257 2717 1340 libro,
2764 1278 2956 1339 quem

589 1363 672 1427 de
716 1379 788 1427 re
831 1359 1083 1426 rustica
1127 1359 1513 1441 conscripsit
1556 1358 1759 1426 tertio
1818 1379 1871 1425 c.
1916 1360 1977 1425 V
2024 1361 2104 1424 17
2165 1359 2568 1443 horologium
2629 1362 2956 1442 quoddam

591 1462 920 1546 describit,
948 1462 1015 1528 in
1050 1481 1179 1543 quo
1207 1463 1385 1526 stella
1414 1463 1642 1543 lucifer
1667 1461 1963 1545 interdiu,
2007 1467 2194 1526 noctu
2234 1461 2521 1544 hesperus
2554 1465 2649 1527 ita
2690 1465 2955 1528 circum-

587 1570 735 1630 eunt
792 1565 879 1629 acl
930 1565 1219 1647 infimum
1261 1565 1780 1646 hemisphaerium
1839 1585 1912 1629 ac
1956 1570 2302 1649 moventur,
2360 1570 2431 1629 ut
2471 1565 2764 1645 indicent,
2809 1571 2957 1647 quot

587 1669 717 1732 sini
757 1668 963 1733 horae.
1053 1668 1278 1734 Etiam
1323 1672 1577 1750 poetae,
1622 1668 1737 1734 ubi
1783 1686 1820 1734 e
1863 1687 1937 1733 re
1981 1667 2359 1752 videbatur,
2410 1688 2651 1735 nexum
2696 1670 2954 1735 artissi-

512 1772 515 1775 ’
591 1791 763 1838 mum
800 1772 979 1838 inter
1004 1771 1193 1836 iubar
1237 1774 1305 1836 et
1333 1791 1648 1852 vesperum
1678 1772 2140 1853 neglegebant.
2226 1771 2337 1836 Ita
2366 1771 2618 1837 Seneca
2648 1772 2778 1837 sibi
2821 1770 2956 1853 ipsi

593 1873 925 1958 pugnat,1)
971 1893 1115 1939 cum
1176 1873 1341 1939 dicit
1383 1874 1580 1938 Herc.
1623 1872 1767 1939 Oet.
1814 1873 1969 1938 149:
2030 1873 2449 1954 commisitque
2496 1875 2654 1937 vices
2696 1874 2957 1954 lucifer

589 1975 879 2057 Hespero.
891 1976 941 2060 ²)
1028 1977 1434 2040 Perdurasse
1491 1976 1663 2040 hanc
1721 1974 2091 2056 opinionem
2154 1977 2318 2041 duas
2362 1975 2591 2042 stellas
2648 1994 2791 2042 esse
2848 1995 2954 2042 us·

591 2097 719 2159 que
762 2079 849 2143 ad
898 2082 1210 2151 ¹extrema
1268 2078 1695 2159 antiquitatis
1741 2082 2040 2158 tempora
2084 2079 2281 2143 testis
2340 2082 2443 2143 est
2503 2083 2734 2145 auctor
2790 2096 2953 2160 pan·

591 2181 844 2264 egyrici
905 2180 1294 2247 Constantio
1354 2180 1626 2246 Caesari
1686 2180 1865 2261 dicti,
1926 2199 1968 2244 a
2028 2198 2154 2260 quo
2224 2199 2275 2247 c.
2331 2180 2428 2246 IV
2487 2184 2958 2247 enumerantur

586 2283 825 2348 (limbus
864 2284 1018 2348 caeli
1061 2282 1403 2347 luminibus
1460 2282 1745 2346 adiuncti
1799 2282 2021 2364 Vesper
2076 2287 2133 2345 ei
2175 2283 2452 2365 Lucifer.
2558 2282 2955 2365 Fulgentius

587 2404 841 2467 quoque
899 2387 1042 2452 loco
1100 2386 1231 2451 iam
1306 2400 1510 2467 supra
1568 2384 1743 2468 (pag.
1808 2385 1912 2469 10)
1972 2384 2242 2452 laudato
2302 2385 2540 2468 (Myth.
2583 2386 2657 2451 II
2702 2384 2783 2451 13
2793 2401 2814 2463 )
2876 2386 2955 2450 de

588 2489 838 2557 duobus
884 2488 1276 2571 quibusdam
1309 2487 1512 2555 astris
1545 2487 1706 2572 agit,
1751 2506 2023 2570 quorum
2053 2507 2224 2553 unus
2249 2493 2753 2571 supa-appareat,
2798 2488 2958 2554 aller

588 2598 841 2675 meryat,
883 2594 1044 2656 sieut
1088 2592 1316 2672 lucifer
1359 2596 1417 2655 el
1459 2591 1713 2672 antifer.
1817 2591 2133 2657 Artifices
2192 2611 2367 2675 vem,
2433 2591 2550 2657 ubi
2610 2592 2824 2658 noctis
2885 2599 2954 2657 et

587 2694 719 2760 diei
762 2696 1044 2760 iudicem
1075 2696 1349 2759 reddere
1377 2694 1712 2776 volebant,
1758 2694 1907 2775 ipsa
1935 2713 2009 2760 re
2053 2700 2129 2759 ut
2159 2695 2321 2760 duas
2350 2695 2581 2761 stellas
2609 2693 2953 2777 fingerent,

591 2796 801 2861 coacti
826 2801 1034 2861 erant.
1082 2797 1329 2861 Videas
1351 2817 1413 2864 v.
1444 2815 1496 2862 c.
1528 2815 1750 2862 arcam
1780 2796 1961 2861 illam
1994 2797 2425 2877 sepulcralem
2457 2815 2659 2878 supra
2687 2815 2838 2879 pag.
2873 2795 2952 2861 12

594 2899 883 2964 allatam.

760 3003 867 3067 Ex
925 3002 1009 3068 iis
1087 3021 1257 3083 quae
1316 3002 1501 3067 modo
1562 3001 1837 3082 exposui
1909 3005 2217 3067 constare
2289 3001 2468 3065 inter
2539 3018 2656 3066 nos
2729 3005 2952 3083 putem

590 3107 854 3170 veteres
912 3104 1237 3170 Romanos
1310 3102 1573 3171 luciferi
1627 3108 1935 3169 naturam
2004 3106 2334 3169 errantem
2390 3121 2521 3168 non
2579 3102 2749 3169 satis
2806 3121 2952 3184 per·

594 3208 903 3288 spexisse.
990 3209 1216 3289 Neque
1261 3209 1436 3273 enim
1480 3208 1737 3274 omnino
1783 3206 2126 3272 stellarum
2163 3205 2601 3272 erraticarum
2646 3205 2951 3272 notitiam

586 3310 713 3392 ipsi
756 3311 1088 3394 habuisse,
1127 3311 1321 3377 immo
1364 3330 1615 3377 omnem
1644 3321 1886 3377 ‘earum
1931 3310 2278 3376 scientiam
2322 3309 2598 3375 Graecis
2645 3310 2951 3377 debuisse

585 3412 917 3480 videntur.
1022 3414 1152 3480 Sed
1210 3413 1282 3479 hi
1341 3432 1595 3495 quoque
1654 3431 1782 3479 non
1839 3414 2236 3480 invenerunt
2295 3418 2622 3479 astrorum
2682 3431 2948 3479 accura-

584 3516 817 3582 tiorem
845 3516 1174 3599 notitiam,
1219 3517 1413 3582 immo
1443 3521 1839 3598 receperunt
1877 3516 1961 3582 ab
1993 3514 2267 3581 orientis
2297 3516 2556 3597 populis
2601 3516 2952 3581 excultam.

585 3618 870 3701 Quorum
915 3618 1112 3701 primi
1156 3618 1535 3685 nominandi
1579 3623 1736 3685 sunt
1774 3619 2110 3700 Chaldaei,
2155 3619 2269 3699 qui
2312 3618 2445 3683 iam
2491 3616 2951 3685 remotioribus

585 3721 989 3803 temporibus
1028 3726 1282 3804 septem
1321 3722 1552 3789 stellas
1584 3729 1887 3788 errantes
1917 3720 2366 3788 distinxerunt
2396 3739 2640 3801 easque
2671 3719 2952 3803 singulis

591 3825 967 3891 numinibus
1015 3826 1496 3893 dedicaverunt
1552 3830 1621 3892 et
1677 3825 2026 3892 luciferum
2068 3826 2388 3890 Astartae
2411 3823 2461 3908 3)
2521 3823 2582 3889 h.
2629 3840 2681 3888 e.
2741 3822 2949 3889 Grae-

762 4012 802 4079 1)
838 4011 978 4068 Vide
1011 4013 1155 4067 locos
1192 4029 1358 4081 supra
1393 4030 1445 4082 p.
1482 4012 1553 4067 20
1586 4013 1712 4067 adn.
1747 4012 1782 4066 3
1818 4012 2030 4068 allatos.

761 4096 801 4167 2)
838 4098 1098 4153 Conferas
1135 4097 1377 4153 eiusdem
1415 4099 1634 4167 Apocol.
1673 4097 1754 4153 IV
1790 4098 1859 4152 25
1870 4113 1985 4166 sqq.

760 4184 802 4255 8)
838 4185 906 4240 Η.
933 4185 987 4239 Η
1001 4202 1031 4240 o
1045 4202 1098 4239 m
1113 4202 1167 4239 m
1180 4186 1242 4239 el
1271 4184 1528 4239 Auslancl
1549 4182 1697 4254 1890,
1718 4183 1837 4238 382.
1891 4183 1926 4237 S
1941 4200 1969 4237 c
1982 4184 2017 4237 h
2031 4202 2059 4238 r
2071 4200 2105 4237 a
2118 4184 2154 4237 d
2167 4199 2196 4238 e
2209 4199 2239 4237 r
2260 4181 2615 4237 Semitismus
2629 4179 2747 4235 cond
2763 4175 2948 4250 Baby-

585 4269 852 4325 lonismus
876 4267 1097 4339 (Jahrb.
1119 4270 1221 4340 fiir
1233 4273 1460 4340 protest.
1490 4270 1770 4339 Theoloyie
1794 4270 1822 4323 I
1844 4269 1992 4340 127):
2026 4269 2121 4324 Sic
2143 4268 2234 4339 (sc.
2261 4268 2506 4337 Assyrii)
2529 4266 2841 4321 betrachlen
2860 4264 2948 4319 die

583 4360 763 4412 emate
786 4358 1014 4411 Astarte
1039 4357 1124 4412 als
1158 4356 1247 4410 clie
1277 4354 1474 4410 Gottin
1498 4354 1588 4409 cles
1611 4354 1985 4425 aufyehenden
2023 4352 2481 4424 Venusyestirnoe,
2516 4352 2601 4405 als
2632 4351 2719 4405 die
2746 4347 2945 4406 Garun
