3576 5085
501 427 651 515 139]
944 427 1028 482 De
1060 426 1346 482 stellarum
1383 423 1750 494 appellatione
1785 428 1845 477 et
1876 421 2146 490 religione
2180 422 2426 476 Romana
2739 424 2863 489 231

500 599 663 665 dicit
708 600 957 666 Seneca
1001 598 1229 664 stellas
1277 605 1663 661 transversas
1705 597 1815 663 vel
1854 601 2352 660 transcurrentes
2395 594 2571 680 (Nat.
2615 600 2867 676 quaest.

498 703 631 768 VH
661 704 761 783 23,
794 703 833 767 2
858 701 993 787 sq.).
1040 702 1234 782 Apud
1269 705 1500 783 poetas
1532 700 1759 765 inveni
1780 699 1987 762 sidera
2017 698 2301 762 cadentia
2333 697 2607 783 (Lucan.
2630 697 2692 763 V
2713 697 2867 782 562)

499 810 569 871 et
624 803 822 886 refixa
876 805 1103 890 (Verg.
1162 804 1326 869 Aen.
1385 804 1446 869 V
1504 803 1651 885 528,
1706 802 1864 868 Hor.
1926 803 2109 882 epod.
2167 801 2371 867 XVII
2417 801 2489 883 53
2549 820 2610 867 v.
2669 819 2868 882 supra

496 926 644 991 pag.
693 908 818 974 136
863 908 1010 973 adn.
1043 908 1082 971 7
1099 908 1123 993 )
1172 911 1289 972 aut
1331 905 1603 969 volantia
1655 905 1879 989 (Verg.
1925 905 2088 970 Aen.
2132 904 2193 969 V
2241 902 2427 987 528);
2485 904 2659 968 stella
2704 903 2867 967 caelo

495 1010 755 1092 delapsa
799 1010 947 1077 Seu.
992 1010 1236 1075 Phoen.
1279 1010 1427 1075 431.

671 1113 846 1196 Quid
903 1115 1068 1178 haec
1127 1111 1257 1178 sibi
1315 1110 1528 1177 velint
1588 1109 1952 1176 attributa
1990 1109 2199 1191 primo
2267 1110 2503 1175 obtutu
2571 1113 2869 1191 apparet.

499 1218 705 1283 Astra
747 1220 1023 1297 repente
1067 1234 1108 1280 a
1151 1216 1307 1281 sede
1343 1215 1580 1281 avulsa
1624 1231 1743 1295 per
1787 1212 1960 1279 caeli
2005 1217 2260 1295 partem
2308 1212 2473 1278 ferri
2518 1216 2589 1278 et
2633 1212 2870 1278 deinde

498 1319 569 1385 in
612 1325 877 1401 terram,
918 1318 1030 1385 ubi
1073 1317 1558 1400 extinguuntur
1601 1315 1772 1401 (Sen.
1804 1316 1956 1381 Nat.
1998 1320 2250 1396 quaest.
2283 1316 2318 1380 Ι
2351 1318 2406 1399 1,
2437 1315 2522 1399 9),
2568 1315 2871 1381 decidere

497 1422 738 1504 vulgus
783 1420 1194 1503 opinabatur.
1282 1419 1391 1486 Sic
1432 1420 1566 1485 iam
1612 1418 1967 1485 Lucretius
2014 1417 2184 1484 dixit
2229 1418 2298 1484 H
2345 1418 2503 1484 209:

806 1560 934 1607 non
981 1542 1214 1606 cadere
1259 1539 1330 1605 in
1371 1545 1625 1606 terram
1668 1540 1900 1606 stellas
1946 1543 2018 1605 et
2062 1538 2284 1605 sidera
2326 1537 2591 1604 cernis?

667 1679 915 1745 Rerum
946 1678 1300 1759 scriptores
1337 1678 1682 1743 stellarum
1721 1696 1943 1743 casum
1976 1676 2235 1758 saepius
2269 1677 2684 1742 describunt:
2716 1676 2872 1743 vide

498 1786 769 1864 praeter
812 1781 987 1847 locos
1031 1781 1209 1846 infra
1253 1779 1490 1846 citatos
1535 1780 1706 1845 Plin.
1751 1780 1903 1845 Nat.
1944 1778 2099 1845 hist.
2133 1779 2442 1846 XXVIII
2478 1780 2594 1859 493
2638 1778 2870 1846 Isidor.

501 1886 583 1949 de
627 1889 764 1948 nat.
809 1902 937 1949 rer.
982 1883 1197 1947 XXV.
1285 1882 1379 1948 Et
1423 1881 1638 1964 poetis
1695 1882 1861 1948 haec
1906 1881 2256 1965 magnifica
2299 1882 2604 1948 caelestis
2666 1900 2870 1963 appa-

498 1985 654 2052 ritio
698 1985 767 2051 in
815 1985 1070 2052 deliciis
1117 1990 1236 2068 est,
1282 2004 1343 2051 v.
1387 1985 1586 2067 Verg.
1632 1974 1869 2067 Georg.
1914 1985 1948 2050 Ι
1978 1985 2142 2065 365;
2185 1984 2374 2051 Ovid.
2400 1986 2578 2080 ,Met
2609 1985 2682 2050 ΙΙ
2710 1986 2872 2075 3213

502 2089 751 2154 Lucan.
803 2088 865 2154 V
909 2088 1068 2170 5623
1128 2088 1272 2154 Seu.
1317 2088 1560 2154 Phoen.
1606 2088 1750 2153 430.
1837 2088 2014 2153 Raro
2073 2092 2332 2153 tantum
2393 2090 2607 2155 altera
2651 2087 2870 2170 opinio
2949 2104 2956 2110 ·

502 2190 802 2275 occurrit,
847 2210 1014 2272 quae
1043 2191 1275 2256 stellas
1320 2210 1447 2257 non
1493 2191 1565 2255 in
1593 2197 1840 2256 terram
1886 2189 2206 2271 decidere,
2250 2192 2368 2256 sed
2398 2190 2469 2256 in
2513 2190 2656 2272 ipso
2691 2193 2872 2257 caelo

501 2295 720 2361 sedem
763 2299 1025 2359 mutare
1050 2293 1098 2378 1)
1159 2293 1340 2359 dicat
1402 2294 1624 2378 (Verg.
1671 2295 1836 2359 Aen.
1896 2293 1966 2359 II
2011 2294 2156 2375 696,
2202 2293 2349 2359 Seu.
2410 2294 2559 2359 Nat.
2618 2298 2873 2375 quaest.

501 2397 538 2462 Ι
586 2398 641 2479 1,
680 2398 738 2479 8,
782 2397 916 2462 VH
960 2396 1089 2481 23).
1507 2385 1542 2478 j

674 2498 804 2566 Sed
834 2497 1035 2565 etiam
1066 2518 1328 2565 causam
1361 2518 1478 2566 cur
1508 2499 1742 2587 stellae
1774 2501 2106 2581 caderent,
2151 2504 2413 2566 veteres
2445 2500 2871 2581 quaerebant.

503 2603 623 2670 Oui
661 2603 1034 2685 quaestioni
1063 2602 1253 2669 vario
1284 2606 1469 2668 modo
1499 2605 1998 2685 responderunt.
2087 2602 2535 2685 Simpliciores
2564 2604 2875 2670 dicebant

502 2712 701 2772 vento
747 2704 946 2771 nimio
992 2706 1132 2771 loco
1177 2706 1428 2771 moveri
1478 2705 1667 2786 ignes
1713 2706 2051 2773 caelestes.
2140 2707 2285 2772 Hoc
2329 2707 2678 2788 usurpavit
2707 2707 2870 2773 Ver-

503 2806 705 2889 gilius
751 2808 991 2889 Georg.
1036 2808 1071 2872 Ι
1116 2807 1274 2872 366:

813 2962 1012 3025 saepe
1054 2944 1259 3010 etiam
1304 2944 1532 3010 stellas
1576 2949 1775 3012 vento
1821 2946 2241 3027 impendente
2286 2945 2548 3013 videbis

813 3046 1211 3129 praecipites
1257 3047 1440 3113 caelo
1485 3046 1639 3130 labi,
1684 3048 2024 3129 noctisque
2068 3068 2188 3131 per
2232 3051 2530 3116 umbram

811 3149 1216 3215 flammarum
1257 3150 1487 3231 longos
1531 3169 1572 3215 a
1616 3155 1804 3234 tergo
1850 3151 2187 3217 albescere
2232 3152 2564 3237 tractus.²)

508 3285 763 3370 Quibus
809 3287 1161 3354 adnotavit
1204 3286 1506 3354 Servius:
1567 3287 1731 3371 quod
1787 3293 1994 3352 autem
2054 3288 2327 3354 videmus
2369 3311 2400 3353 0
2443 3291 2606 3354 caelo
2663 3290 2876 3355 stellas

507 3390 694 3490 qqasi
735 3388 878 3473 labi,
922 3386 1275 3474 ἀπόρροιαι
1316 3396 1467 3453 sunt
1524 3391 1689 3471 iynis
1744 3390 2019 3473 aetherii,
2065 3412 2220 3476 quae
2271 3390 2453 3476 fiunt,
2512 3412 2651 3455 cum
2710 3392 2873 3457 vehe-

683 3559 724 3630 1)
757 3561 941 3616 Iocose
958 3560 1352 3629 Aristophanes
1372 3560 1529 3616 Pacis
1547 3560 1851 3616 comoediae
1864 3579 1917 3618 v.
1930 3561 2034 3615 825
2046 3578 2160 3631 sqq.
2180 3563 2370 3618 stellas
2389 3564 2644 3618 cadentes
2662 3563 2874 3620 animas

506 3661 805 3715 pauperum
841 3661 958 3701 esse
994 3647 1383 3714 affirmaverat,
1420 3662 1560 3715 quae
1584 3647 1891 3702 titubantes
1926 3664 1959 3702 a
1983 3664 2118 3703 cena
2154 3649 2554 3717 opulentiorum
2590 3650 2874 3705 stellarum

508 3730 727 3785 domum
767 3731 1022 3787 redirent.

682 3814 724 3884 ¹)
760 3815 901 3871 Vide
936 3817 1103 3871 etiam
1139 3818 1341 3873 Lucan.
1367 3819 1556 3873 Phars.
1588 3819 1641 3873 V
1671 3818 1931 3887 560sqq.:

919 3901 1069 3956 Haec
1101 3901 1252 3957 fatur
1287 3898 1612 3972 solvensque
1645 3909 1824 3959 ratem
1860 3905 1958 3959 dat
1993 3905 2220 3959 carbasa
2254 3906 2452 3976 ventis,

921 3986 993 4041 ad
1029 4003 1255 4054 quorum
1292 3994 1471 4043 motus
1506 4006 1615 4044 non
1651 3990 1827 4044 solum
1861 3989 2019 4059 lapsa
2054 4005 2151 4060 per
2186 3992 2360 4047 altum

920 4087 1050 4127 aera
1085 4073 1353 4141 dispersos
1388 4080 1607 4130 traxere
1641 4075 1894 4131 cadentia
1929 4077 2107 4131 sulcos

919 4157 1115 4227 sidera,
1152 4159 1247 4214 sed
1281 4160 1507 4215 summis
1544 4161 1711 4217 etiam
1745 4177 1888 4230 qnae
1922 4162 2035 4218 fixa
2069 4158 2332 4219 tenentur

921 4249 1074 4299 astra
1108 4244 1263 4313 polis,
1300 4253 1432 4301 sunt
1466 4246 1587 4301 visa
1622 4248 1794 4315 quati.

508 4327 584 4383 Et
617 4328 862 4385 conferas
892 4329 1015 4386 Seu.
1039 4330 1272 4387 Phaedr.
1298 4330 1400 4384 739
1434 4332 1593 4387 stella
1629 4349 1753 4388 cum
1786 4334 1966 4389 ventis
1988 4334 2200 4405 ayitata
2231 4335 2417 4404 lonyos
2431 4332 2677 4403 pov-riq&
2693 4332 2847 4402 ignes

508 4415 670 4472 schol.
708 4416 779 4472 ad
813 4416 976 4472 Arati
1010 4417 1215 4473 Phaen.
1252 4434 1305 4473 v.
1341 4418 1460 4488 927,
1497 4420 1721 4475 Maass
1758 4421 1915 4477 Arat.
1952 4426 2234 4477 comment.
2271 4421 2366 4476 rel.
2404 4435 2530 4489 pag.
2566 4419 2683 4472 513.
