3576 5085
648 308 773 374 110
1553 307 1857 362 Guilelmus
1892 307 2106 362 Gundel
2899 309 3009 397 [18

642 497 874 545 norum
915 482 1188 558 nepotes
1232 477 1347 558 qui
1389 477 1581 543 hodie
1625 481 1781 543 sunt
1818 477 2043 559 populi
2087 477 2335 544 nullam
2367 481 2694 560 praebent
2734 479 3012 547 similem

642 599 868 647 vocem
914 599 994 646 ex
1021 579 1240 644 iubare
1267 578 1657 663 derivatam,
1688 598 1820 660 qua
1850 580 2049 645 stella
2077 579 2314 646 diurna
2352 580 2783 664 significetur.
2828 582 3010 666 Quae

642 681 923 749 nominis
951 681 1138 746 iubar
1166 681 1408 751 oblivio
1438 681 1511 747 in
1541 680 1683 748 dies
1713 701 1788 748 eo
1824 686 2025 748 aucta
2069 686 2190 766 est,
2235 685 2406 763 quod
2438 683 2650 750 altera
2687 687 3011 766 quaedam

641 805 776 852 vox
814 787 1028 852 locum
1071 785 1213 851 eius
1255 786 1627 868 occupavit,
1673 803 1907 866 nempe
1952 785 2279 866 lucifer.

814 888 934 976 Lu
945 889 1019 952 ci
1025 888 1070 968 f
1079 907 1192 972 er,
1237 889 1356 954 eri:
1403 888 1475 954 in
1506 887 1705 955 huius
1737 887 2203 969 appellationis
2234 893 2451 971 etymo
2481 908 2612 955 non
2642 909 3011 974 commoror,

647 991 888 1072 quippe
944 991 1114 1071 quod
1172 990 1320 1056 luce
1377 989 1624 1056 clarius
1690 991 1801 1057 sit.
1901 990 2004 1056 De
2069 991 2335 1057 notione
2395 992 2536 1058 eius
2594 993 2768 1059 idem
2827 994 3011 1062 valet

642 1095 815 1174 quod
858 1094 945 1159 ad
986 1092 1174 1157 iubar
1214 1111 1417 1175 supra
1454 1111 1605 1175 pag.
1638 1094 1719 1157 17
1752 1093 2232 1177 adnotavimuS‚
2278 1094 2393 1161 ubi
2436 1095 2761 1176 duplicem
2807 1096 3011 1163 inter-

641 1196 949 1278 pretandi
994 1193 1316 1262 rationem
1359 1195 1734 1278 statuimus,
1779 1214 1976 1276 quam
2007 1197 2129 1262 hoc
2171 1196 2312 1263 loco
2357 1197 2489 1263 iam
2532 1200 2708 1279 apud
2751 1202 3011 1265 veteres

643 1298 1034 1366 invenimus,
1121 1298 1359 1363 Altera
1389 1317 1473 1364 ex
1504 1302 1696 1380 parte
1726 1298 1986 1365 Plinius
2016 1304 2173 1382 stat,
2218 1299 2331 1380 qui
2361 1300 2526 1365 dicit
2554 1300 2633 1366 N.
2665 1301 2747 1366 H.
2792 1301 2866 1366 Π
2894 1302 3010 1367 36;

645 1405 789 1465 ante
831 1401 1208 1465 matutinum
1237 1401 1520 1464 exom'ens
1548 1400 1803 1480 luciferi
1845 1420 2068 1464 nomen
2111 1403 2341 1483 accepit
2384 1407 2455 1465 ut
2481 1404 2574 1467 0οῐ
2616 1403 2776 1467 alter
2817 1403 3010 1468 diem-

644 1523 761 1585 que
826 1501 1232 1587 maturansst)
1336 1502 1587 1569 Contra
1646 1501 1941 1569 Isidorus
1966 1503 2014 1583 ²)
2072 1508 2268 1586 putat
2324 1503 2531 1589 (Orig.
2568 1504 2677 1571 III
2723 1506 2824 1588 70,
2871 1506 3010 1592 18)2

644 1607 871 1688 lucifer
910 1605 1114 1669 dictus
1140 1625 1224 1689 00,
1268 1604 1435 1690 quod
1468 1607 1635 1669 inter
1662 1607 1874 1670 omnia
1900 1605 2108 1670 sidera
2127 1606 2281 1688 plus
2308 1606 2503 1671 lucem
2536 1607 2721 1688 ferat.
2787 1608 3009 1690 Ipsum

640 1709 1031 1777 vocabulum
1075 1709 1355 1791 primum
1400 1708 1472 1774 ni
1518 1708 1718 1775 fallor
1745 1708 1998 1791 legitur
2027 1711 2210 1790 apud
2237 1708 2660 1791 Pomponium
2692 1709 3011 1794 (comicor.

641 1813 825 1880 Rom.
867 1812 1102 1895 fragm.
1149 1813 1290 1879 coll.
1335 1811 1566 1879 Ribb.⁸
1626 1830 1689 1879 v.
1736 1812 1878 1897 74):
1936 1813 2009 1876 im
2060 1812 2222 1876 caelo
2261 1813 2458 1894 fulyit
2493 1818 2751 1895 propter
2794 1814 3011 1879 lunam

645 1916 890 1997 lucifer.
992 1915 1340 1982 Proximus
1400 1914 1626 1982 Cicero
1702 1917 1893 1981 docet
1966 1917 2047 1981 de
2096 1920 2241 2002 nat.
2300 1918 2473 1982 deor.
2515 1916 2587 1981 II
2647 1918 2764 1983 53:
2832 1917 3012 1981 stella

655 2019 924 2102 Vener-229,
968 2038 1127 2099 quae
1153 2017 1514 2103 Φωσφόρος
1546 2017 1795 2101 Graece,
1824 2018 2089 2100 Lucifer
2115 2018 2342 2082 Latine
2381 2018 2632 2096 dicitur,
2665 2039 2805 2083 cum
2839 2024 3011 2085 ante-

640 2121 929 2204 qreditur
956 2121 1160 2186 solem.
1225 2120 1356 2201 Qui
1385 2121 1563 2186 locus
1594 2121 1654 2185 is
1686 2120 1890 2185 fuisse
1912 2120 2198 2203 videtur,
2229 2121 2343 2201 qui
2372 2120 2449 2186 L.
2480 2122 2535 2186 P
2553 2122 2828 2187 reller
2872 2141 3012 2187 sus-

644 2222 965 2307 picionem
987 2221 1194 2289 movit
1211 2221 1421 2307 (Ro'm.
1445 2222 1648 2303 Myth.
1673 2221 1742 2287 Ι8
1767 2223 1920 2305 328)
1943 2223 2112 2287 hanc
2135 2240 2358 2288 vocem
2382 2241 2512 2288 non
2533 2223 2687 2288 inde
2709 2225 2794 2287 ab
2817 2222 3011 2289 initio

647 2328 1083 2397 Romanorum
1126 2324 1461 2407 propriam
1506 2323 1732 2407 fuisse,
1770 2326 1887 2390 sed
1916 2329 2146 2406 postea
2189 2329 2447 2390 tantum
2478 2326 2567 2391 ad
2612 2324 3010 2392 Graecorum

645 2428 1014 2513 exemplum
1056 2427 1440 2511 confectam,
1499 2446 1672 2509 quae
1731 2427 1949 2509 opinio
2007 2425 2167 2493 licet
2220 2445 2295 2492 00
2352 2427 2789 2512 confirmetur,
2841 2430 3012 2510 quod

644 2552 849 2615 supra
875 2551 1026 2618 pag.
1051 2532 1132 2597 17
1166 2533 1249 2597 de
1273 2529 1528 2598 veteris
1558 2529 1740 2596 illius
1762 2531 1944 2596 vocis
1983 2528 2170 2594 iubar
2196 2529 2684 2613 significatione
2708 2531 3012 2615 diximus„

644 2640 872 2703 tamen
928 2634 1303 2704 necessario
1373 2634 1708 2715 luciferum
1776 2652 1814 2699 e
1872 2633 2123 2700 Graeco
2180 2634 2480 2700 converti
2539 2634 2845 2701 debuisse
2900 2638 3013 2703 (10-

646 2744 1019 2810 monstrare
1058 2756 1247 2805 nemo
1291 2737 1552 2819 poterit.

817 2841 1107 2922 Luciferi
1167 2839 1447 2908 nominis
1515 2838 1663 2906 fata
1721 2840 1952 2905 eadem
2011 2838 2152 2906 fere
2212 2840 2482 2907 fuerunt
2541 2859 2710 2921 quae
2767 2842 3013 2922 vespm.

646 2944 742 3010 Ut
797 2962 1148 3027 vesperum
1221 2945 1309 3012 ad
1366 2940 1850 3024 vespertinum,
1908 2942 2002 3007 sic
2057 2941 2406 3009 luciferum
2467 2945 2555 3008 ad
2617 2944 3011 3009 matutinum

644 3052 903 3128 tempus
950 3050 1020 3112 01
1062 3045 1218 3111 111ᾱο
1262 3047 1346 3114 ad
1393 3049 1606 3110 totum
1666 3043 1837 3109 diem
1895 3042 2295 3109 referebant.
2384 3044 2586 3111 Cuius
2644 3045 2746 3111 rei
2803 3064 3013 3127 pauca

644 3153 907 3215 tantum
968 3146 1239 3214 afferam
1299 3146 1617 3229 exempla.
1684 3146 1985 3212 Tibullus
2029 3146 2065 3211 I
2108 3147 2167 3229 3,
2212 3148 2298 3212 94
2356 3151 2563 3230 optat,
2621 3152 2697 3213 ut
2751 3148 3018 3212 Aurora

644 3252 937 3315 nitentem
982 3249 1314 3330 luciferum
1357 3251 1555 3316 rosei-s·
1591 3252 1794 3332 portet
1842 3250 2015 3330 equis
2059 3252 2128 3314 et
2172 3248 2450 3316 Ovidius
2508 3250 2691 3316 Fast.
2736 3250 2844 3316 ΠΙ
2888 3252 3012 3315 772

646 3352 925 3436 quaerit,
956 3371 1161 3433 quare
1190 3357 1349 3435 toga
1382 3355 1583 3420 detur
1609 3353 1871 3434 lucifero
1898 3352 2141 3433 puer-ie,
2173 3351 2434 3435 Bacche,
2464 3356 2586 3417 tuo.
2658 3353 3012 3433 Postquam

649 3460 875 3522 autem
914 3455 1264 3521 luciferum
1326 3459 1396 3521 01
1435 3474 1785 3537 vesperum
1831 3456 2105 3521 eundem
2164 3472 2312 3519 esse
2369 3453 2844 3520 intellexerunt
2887 3455 3012 3519 Ro-

645 3558 854 3643 mani,
930 3558 1116 3625 illum
1190 3557 1460 3639 saepius
1519 3556 1653 3640 ita,
1729 3562 1808 3624 ut
1871 3559 2045 3624 hunc
2102 3555 2591 3640 significarent,
2662 3557 3012 3638 ponebant.

648 3661 849 3728 Cuius
879 3660 980 3728 rei
1005 3660 1304 3743 exempla
1346 3660 1416 3725 in
1447 3658 1677 3742 primis
1711 3661 1889 3741 apud
1920 3659 2327 3728 Chalcidium
2357 3658 2584 3727 inveni
2620 3657 2811 3744 (Tim.
2839 3658 3013 3724 Plat.

646 3784 708 3846 p.
731 3764 815 3830 38
830 3765 911 3847 l),
933 3762 1167 3830 Comm.
1192 3782 1244 3829 c.
1269 3764 1371 3847 66,
1399 3763 1542 3847 110,
1563 3762 1731 3845 124).
1776 3762 2088 3845 Plerique
2112 3766 2333 3827 autem
2357 3760 2636 3828 Romani
2657 3760 3012 3842 scriptores

649 3864 998 3933 luciferum
1043 3885 1300 3948 semper
1342 3885 1462 3948 pro
1514 3865 1885 3949 phosphoro
1942 3865 2291 3947 ponebant.
2378 3864 2573 3930 Unde
2615 3863 2739 3929 hoc
2780 3883 3015 3931 nomen

825 4036 862 4107 ι)
899 4036 1036 4091 Cum
1059 4035 1240 4091 Plinio
1268 4035 1405 4092 facit
1441 4035 1678 4090 scholion
1702 4035 1973 4103 quoddam
1996 4034 2160 4089 Arati
2182 4033 2418 4089 latinum
2441 4034 2526 4104 (E.
2562 4034 2619 4089 M
2632 4052 2665 4090 a
2678 4052 2711 4091 a
2724 4051 2750 4091 s
2764 4052 2789 4090 s
2824 4052 3011 4091 comm.

646 4122 705 4178 in
740 4122 897 4177 Atat.
932 4121 1030 4177 rel.
1064 4138 1118 4190 p.
1155 4122 1294 4191 274).

823 4206 864 4276 ¹)
896 4207 984 4262 Ex
1017 4206 1226 4262 Isidoro
1261 4212 1329 4263 ut
1363 4207 1505 4262 solet
1551 4222 1651 4261 sua
1696 4205 1884 4260 hausit
1918 4205 2236 4274 Anonymus
2281 4206 2350 4261 (10
2397 4212 2646 4276 computo
2681 4206 2796 4262 loco
2846 4221 3013 4275 supra

648 4310 776 4364 pag.
811 4292 846 4347 8
881 4293 1122 4349 laudato.
