3576 5085
673 415 801 480 248
1574 411 1880 467 Guilelmus
1915 410 2129 466 Gundel
2289 419 2292 422 “
2886 410 3042 498 [156

671 603 789 650 1103
816 584 889 650 111
922 602 1056 649 una
1084 584 1224 649 sola
1253 584 1453 649 stella
1481 581 1839 666 pervaluit,
1869 582 1937 647 in
1962 581 2279 665 canicula,
2310 581 2770 663 potentissima
2799 583 3042 649 caloris

672 686 950 768 domina,
993 704 1189 766 quam
1234 687 1342 753 vel
1388 685 1676 751 victimis
1721 685 1984 766 placare
2030 687 2444 751 studuerunt.
2544 684 2771 766 Neque
2814 689 3042 752 tamen

673 809 748 855 eo
790 789 1127 871 progressi
1171 792 1342 870 sunt,
1386 792 1464 854 ut
1507 807 1728 855 omnes
1773 788 2004 854 stellas
2035 789 2300 853 deorum
2344 788 2484 853 loco
2530 788 2875 868 haberent,
2919 794 3043 854 aut

669 891 934 958 fabulas
979 891 1304 975 mythicas
1348 893 1428 957 (10
1474 890 1569 957 013
1605 897 1981 957 narrarent.
2069 890 2254 972 Quod
2298 895 2440 956 tum
2487 892 2744 956 demum
2790 890 3037 957 factum

672 998 794 1077 est,
855 1014 999 1061 cum
1057 994 1457 1061 Graecorum
1517 993 1965 1060 catasterismi
2038 993 2329 1059 notiores
2399 993 2656 1059 fierent.
2773 993 2904 1077 Qui
2971 999 3043 1060 et

671 1097 886 1179 poetis
928 1096 1273 1162 materiam
1325 1096 1726 1162 uberrimam
1784 1095 2380 1178 suppeditaverunt
2441 1100 2511 1161 et
2567 1095 3041 1178 imperatorum
3139 1121 3142 1122 ἢ

671 1198 1224 1266 consecrationem
1271 1203 1773 1281 occupaverunt.
1862 1198 1957 1262 Et
2016 1199 2095 1264 de
2141 1197 2358 1263 stellis
2415 1198 2703 1264 humana
2746 1198 2893 1264 fata
2935 1217 3039 1264 re-

672 1301 984 1383 gentibus
1031 1307 1260 1382 postea
1291 1302 1573 1382 denique
1602 1300 1930 1366 intensius
1961 1300 2354 1383 cogitarunt,
2387 1319 2528 1365 cum
2562 1299 3039 1367 Chaldaeorum

672 1403 1033 1486 astrologia
1063 1404 1366 1468 irrueret.
1455 1401 1769 1468 Omnibus
1803 1403 1908 1468 his
1940 1402 2522 1484 superstitionibus
2554 1402 2626 1468 in
2659 1421 2859 1468 unum
2889 1421 3040 1469 con-

672 1505 871 1571 cretis
917 1505 1305 1586 supervenit
1343 1504 1867 1570 Christianorum
1907 1505 2225 1587 doctrina,
2262 1524 2428 1585 quae
2463 1505 2748 1587 plurima
2785 1505 3040 1588 reiecit,

671 1607 984 1674 nonnulla
1014 1626 1353 1673 remanere
1382 1626 1584 1689 passa
1613 1612 1735 1673 est.
1779 1608 1890 1674 Ita
1913 1609 2271 1690 pleraeque
2301 1607 2637 1690 opiniones
2663 1628 2705 1675 a
2726 1608 3040 1674 Romanis

670 1712 753 1776 (10
797 1711 1012 1776 stellis
1056 1711 1274 1776 cultae
1318 1710 1641 1792 paulatim
1683 1710 2103 1795 interierunt,
2151 1715 2219 1777 et
2262 1729 2395 1776 una
2439 1729 2583 1776 011111
2625 1709 3039 1793 opinionibus
3099 1745 3106 1749 ·

669 1832 828 1880 vera
871 1813 992 1878 illa
1038 1820 1105 1878 et
1149 1813 1425 1893 antiqua
1468 1813 1749 1879 nomina.

840 1916 1091 1998 Quodsi
1136 1934 1220 1981 ex
1249 1915 1353 1981 his
1384 1934 1552 1996 quae
1582 1918 1768 1981 modo
1801 1916 2194 1982 contulimus
2224 1915 2512 1981 fructum
2543 1914 3039 1981 dissertationis

669 2017 863 2084 huius
908 2018 1218 2100 exiguum
1260 2022 1474 2101 putes,
1536 2019 1779 2100 quippe
1825 2038 1996 2100 quae
2054 2037 2264 2098 neque
2321 2018 2535 2083 multa
2591 2036 2804 2098 neque
2862 2036 3039 2084 nova

672 2121 909 2203 edicat,
952 2140 1081 2185 non
1126 2120 1341 2185 mirer.
1430 2121 1560 2186 Sed
1603 2125 1830 2187 tamen
1888 2121 1957 2187 in
2015 2120 2295 2203 singulis
2340 2139 2510 2202 quae
2567 2138 2770 2202 supra
2825 2119 3037 2186 fusius

664 2223 1008 2304 disputata
1038 2227 1207 2303 sunt,
1238 2224 1554 2288 nonnulla
1583 2222 1868 2290 fortasse
1910 2224 2139 2290 insunt
2183 2224 2360 2288 haud
2391 2222 2650 2289 omnino
2678 2221 3032 2288 reicienda.

670 2325 766 2390 Et
794 2328 964 2404 quod
994 2323 1063 2388 in
1097 2342 1175 2388 ea
1205 2329 1418 2407 parte,
1448 2343 1615 2404 quae
1648 2329 1751 2390 est
1783 2328 1865 2391 de
1894 2325 2348 2408 religionibus,
2394 2343 2521 2390 non
2553 2326 2796 2390 multas
2824 2324 3035 2390 fuisse

669 2425 1025 2492 statuimus
1085 2425 1606 2509 superstitiones,
1665 2426 1866 2493 etiam
1925 2429 2047 2494 hoc
2102 2428 2355 2508 aliquid
2412 2446 2558 2493 esse
2620 2431 2829 2510 putes,
2890 2445 3039 2492 cum

670 2528 1052 2611 religionem
1085 2532 1409 2594 astrorum
1441 2532 1615 2611 apud
1646 2530 1969 2598 Romanos
1999 2550 2129 2597 non
2158 2530 2364 2597 fuisse
2396 2530 2814 2615 statuatur.¹)
2903 2528 3037 2596 Sed

670 2632 792 2697 hoc
837 2631 978 2697 erui
1022 2650 1149 2697 non
1195 2632 1432 2715 potuit,
1476 2633 1608 2699 nisi
1653 2652 1801 2699 cum
1848 2636 1929 2700 de
1974 2634 2344 2700 nominibus
2389 2651 2642 2714 quoque
2689 2633 3035 2699 stellarum

669 2739 1115 2818 quaereretur,
1145 2738 1225 2800 ut
1258 2734 1514 2800 omnino
1544 2735 1895 2819 philologis
1927 2756 1968 2802 a
1997 2736 2257 2803 nomine
2288 2737 2372 2801 ad
2401 2755 2541 2803 rem
2573 2740 2764 2817 patet
2794 2733 3040 2801 adituS.

666 2836 853 2902 Haec
897 2837 1113 2902 omnia
1157 2844 1475 2918 reputans
1518 2837 1831 2919 inscripsi
1884 2839 2263 2920 opusculum
2308 2857 2520 2904 meum
2567 2839 2653 2903 (10
2694 2837 3038 2903 stellarum

669 2939 1117 3021 appellatione
1162 2944 1232 3004 et
1275 2939 1592 3022 religione
1637 2940 1954 3006 Romana.

845 3108 885 3179 ¹)
922 3109 1074 3163 Haec
1108 3108 1383 3164 sententia
1407 3109 1573 3164 etiam
1609 3109 1689 3164 eis
1714 3110 1850 3166 viris
1888 3116 2111 3179 accepta
2145 3110 2269 3179 fuit,
2307 3127 2340 3164 a
2365 3111 2560 3178 quibus
2584 3110 2719 3164 haec
2754 3109 3039 3164 conamina

668 3195 738 3248 ad
773 3193 1091 3263 religionem
1130 3193 1437 3261 spectantia
1472 3195 1735 3263 eduntur3
1783 3211 1959 3262 neque
2006 3196 2149 3250 enim
2198 3196 2336 3250 alias
2372 3195 2812 3250 dissertationem
2858 3209 3038 3249 meam

667 3279 941 3347 recepturi
976 3278 1229 3333 fuissent.
1300 3279 1538 3345 Quorum
1562 3280 1831 3347 imprimis
1867 3281 2099 3336 Ricardo
2123 3281 2398 3336 Wuensch
2421 3279 2638 3350 gratias
2674 3296 2779 3349 ago
2803 3279 3035 3348 debitas,

668 3365 763 3432 qui
796 3364 1042 3433 opusculi
1077 3364 1185 3419 11101
1220 3364 1405 3419 fautor
1440 3364 1742 3419 indefessus
1773 3366 1990 3435 extitit;
2030 3367 2125 3434 qui
2148 3366 2338 3421 multis
2363 3366 2496 3421 locis
2521 3372 2580 3421 et
2602 3365 2697 3420 ubi
2721 3381 2829 3420 non
2864 3363 3037 3419 nomi-

666 3456 834 3504 natm·
870 3465 968 3504 sua
1004 3465 1212 3503 mecum
1248 3450 1671 3505 communicavit
1694 3451 1833 3506 etin
1857 3468 2177 3506 aerumnoso
2211 3452 2394 3507 labore
2429 3452 2688 3521 plagulas
2724 3449 3035 3519 corrigendi

667 3534 903 3603 benigne
938 3550 1024 3587 1110
1061 3534 1290 3589 adiuvit.
