3576 5085
768 423 896 490 230
1671 421 1975 478 Guilelmus
2011 423 2226 479 Gundel
2982 424 3144 512 [138

1180 592 1336 673 quid
1379 611 1483 658 me
1527 597 1865 659 tenentem
1910 612 2120 675 regna
2163 593 2405 659 siderei
2450 594 2587 675 poli

1179 695 1488 777 caeloque
1532 697 1801 762 tandem
1847 696 2193 780 redditum,
2238 697 2509 779 planctu
2553 698 2742 763 iubes

1180 798 1429 865 sentire
1473 797 1730 865 fatum?
1774 816 2006 880 parce:
2054 818 2205 865 nam
2251 798 2469 865 virtus
2515 799 2678 865 mihi

1177 900 1246 967 in
1293 907 1478 968 astra
1523 905 1593 968 et
1635 902 1812 983 ipsos
1855 900 2020 967 fecit
2063 919 2332 983 superos
2375 901 2522 968 iter.

1175 1004 1389 1072 virtus
1431 1005 1501 1071 in
1548 1010 1736 1071 astra
1781 1004 2030 1070 tendit:
2075 1005 2140 1070 in
2191 1009 2465 1071 mortem
2509 1006 2783 1091 timor.²)

939 1123 1198 1192 Similes
1259 1126 1633 1192 sententiae
1677 1124 1880 1191 etiam
1925 1126 1996 1190 in
2040 1125 2259 1191 titulis
2304 1126 2781 1208 sepulcralibus
2839 1131 2977 1192 tam
3022 1146 3144 1209 pa-

769 1227 961 1310 ganis
1005 1246 1201 1309 quam
1245 1227 1627 1294 christianis
1672 1228 2121 1295 inveniuntur.
2222 1228 2566 1295 Formulas
2630 1229 2793 1296 mihi
2851 1248 2934 1295 ex
2993 1248 3150 1295 car-

770 1329 1053 1396 minibus
1144 1330 1591 1413 epigraphiois
1666 1350 1707 1396 a
1780 1330 2186 1397 Buechelero
2266 1331 2464 1397 editis
2552 1331 2820 1399 enotavi
2902 1332 3144 1399 hasce:

767 1434 1028 1515 spiritus
1070 1441 1244 1495 astra
1281 1435 1452 1513 petit,
1497 1453 1717 1516 corpus
1773 1435 1845 1497 in
1891 1453 2058 1497 urna
2115 1436 2274 1498 iacet
2331 1433 2563 1519 (epigr.
2613 1435 2836 1520 1392);
2899 1437 3044 1499 vivit
3090 1442 3152 1500 et

769 1539 945 1598 astra
974 1539 1129 1598 tenet
1159 1534 1392 1618 (epigr.
1418 1536 1582 1600 1347
1615 1555 1675 1601 v,
1708 1536 1847 1621 12);
1892 1543 2066 1600 astra
2093 1538 2298 1618 fovent
2328 1540 2610 1602 animam
2640 1537 2873 1623 (epigr.
2908 1539 3143 1624 1362);

766 1637 1153 1722 sidereasque
1202 1639 1413 1702 colunt
1470 1638 1640 1703 sedes
1685 1639 2038 1723 mundoque
2079 1641 2397 1721 fruuntur
2435 1640 2545 1725 (sc.
2590 1641 2869 1724 animae,
2928 1641 3146 1723 epigr.

773 1742 956 1827 755);
1017 1740 1291 1805 membra
1348 1742 1476 1806 solo
1528 1744 1755 1824 posuit,
1819 1743 1973 1807 caeli
2012 1745 2287 1826 perrexit
2326 1743 2411 1806 ad
2454 1748 2631 1807 astra
2675 1743 2908 1828 (epigr.
2954 1743 3145 1828 778);

770 1864 944 1908 mens
987 1844 1075 1908 ad
1117 1846 1271 1909 caeli
1314 1847 1604 1909 transivit
1645 1848 1903 1926 spiritus
1940 1851 2117 1910 astra
2162 1846 2392 1929 (epigr.
2427 1847 2650 1927 1834);
2695 1846 2910 1910 bustus
2951 1866 3145 1909 mem-

770 1947 882 2010 bra
928 1952 1096 2030 tenet,
1157 1967 1328 2012 mens
1389 1948 1544 2012 caeli
1602 1951 1803 2030 peryit
1861 1952 1927 2012 in
1975 1955 2150 2013 astra
2195 1949 2426 2033 (epigr.
2475 1949 2698 2033 1433);
2752 1969 2931 2033 quem
2973 1951 3146 2013 inter
3204 1970 3239 1978 ”

769 2056 942 2113 astra
986 2056 1148 2113 tenet
1190 2051 1359 2115 alma
1405 2053 1576 2134 quies
1621 2052 1854 2134 (epigr.
1903 2051 2126 2136 1407);
2180 2057 2353 2115 astra
2400 2059 2602 2116 tenent
2643 2054 2947 2135 animam,
3008 2072 3146 2116 cae-

774 2157 907 2216 tera
950 2153 1135 2217 tellus
1175 2151 1352 2217 habet
1393 2153 1621 2239 (epigr.
1671 2154 1880 2237 1420).

945 2256 1183 2335 Itaque
1230 2260 1301 2321 et
1343 2257 1583 2321 mortui
1614 2257 1742 2337 ipsi
1774 2257 2031 2322 sidereo
2069 2257 2314 2323 lumine
2352 2256 2693 2323 radiantes
2739 2255 3145 2340 cogitantur,

773 2376 886 2423 ore
930 2375 1134 2438 roseo,
1180 2358 1423 2423 umeris
1476 2358 1876 2440 nitentibus3
1923 2378 2156 2440 corpus
2201 2360 2413 2425 maius
2462 2363 2564 2425 est
2606 2363 2876 2425 terrena
2919 2359 3144 2442 figura

774 2458 947 2542 (CIL
992 2459 1089 2525 VI
1133 2459 1191 2542 3,
1237 2460 1552 2547 21521).2)

1750 2724 2160 2733 ———-—,——-——.

1325 2977 1368 3072 ἓ
1424 2988 1491 3054 2.
1580 2986 1700 3053 De
1757 2984 2021 3053 stellis
2080 2985 2564 3054 cadentibus

946 3165 1360 3246 Unaquaque
1389 3171 1598 3242 nocte,
1643 3166 1995 3248 praecipue
2027 3171 2244 3232 autem
2276 3166 2475 3232 certis
2507 3166 2806 3232 autumni
2834 3166 3143 3233 noctibus

776 3266 1010 3332 stellas
1070 3270 1386 3348 quasdam
1449 3271 1804 3337 observare
1862 3269 2109 3352 poteris
2170 3266 2392 3334 subito
2451 3269 2820 3352 elucentes‚
2886 3271 3141 3337 caelum

776 3371 1114 3438 celerrime
1144 3378 1621 3456 percurrenteS,
1652 3372 1874 3439 subito
1906 3377 2395 3439 evanescentes„
2477 3372 2657 3457 Quas
2689 3372 3145 3454 apparitiones

774 3473 971 3541 etiam
1018 3475 1298 3541 Romani
1342 3479 1743 3543 notaverunt
1787 3494 2034 3555 easque
2071 3475 2283 3540 stellas
2309 3475 2590 3539 cadentes
2634 3477 3145 3558 appellaverunt
3182 3541 3187 3545 .

779 3576 953 3661 (Seu.
998 3582 1131 3642 nat.
1179 3583 1431 3657 quaest.
1477 3577 1611 3642 VII
1645 3578 1746 3660 23,
1779 3579 1859 3667 2,Ο
1884 3579 2112 3644 Isidor.
2158 3579 2337 3661 Orig.
2380 3580 2489 3645 III
2520 3579 2619 3662 70,
2649 3581 2716 3661 3)
2761 3580 2873 3645 vel
2903 3579 3141 3645 omisso

776 3679 1015 3744 stellae
1080 3680 1341 3746 nomine
1401 3679 1792 3761 simpliciter
1850 3681 2129 3745 cadentes
2186 3681 2421 3765 (Amm.
2463 3683 2667 3748 Marc.
2712 3682 2910 3747 XXV
2969 3683 3027 3765 2,
3066 3684 3142 3747 4:

773 3782 1335 3864 flayrantissimam
1397 3785 1599 3864 facem
1658 3783 1901 3848 cadenti
1957 3785 2221 3848 similem
2263 3785 2497 3870 visam).
2599 3787 2965 3852 Praeterea
3027 3804 3169 3869 eas?

953 3986 993 4057 1)
1027 3987 1184 4043 Unde
1230 3988 1287 4043 in
1335 3988 1618 4057 proverbio
1665 3988 1848 4044 virtus
1894 3989 2114 4043 tandem
2174 3988 2426 4056 pervenit
2488 3987 2563 4042 ad
2608 3992 2779 4044 astra.
2873 3989 3141 4044 Italorum

760 4072 1023 4127 <hodierni
1057 4089 1274 4129 carmen
1310 4075 1450 4142 quod
1486 4074 1697 4143 placuit
1732 4074 1923 4129 dicunt
1957 4074 2267 4142 pervenisse
2303 4074 2409 4128 alle
2442 4074 2607 4128 stelle.

951 4158 993 4225 ⁹)
1030 4159 1219 4227 Neque
1255 4160 1548 4215 defuerunt
1581 4174 1755 4227 usque
1791 4160 1858 4213 ad
1895 4164 2137 4214 nostram
2174 4163 2430 4230 aetatem,
2479 4160 2574 4228 qui
2610 4161 2797 4216 stellas
2845 4160 2949 4215 tali
2982 4161 3140 4215 modo

776 4244 966 4300 incolis
1000 4245 1306 4315 implerent,
1344 4245 1470 4300 vide
1506 4262 1556 4301 v.
1594 4262 1638 4299 c.
1676 4245 1991 4314 Hugenii
2027 4245 2417 4312 Oosmotheros,
2453 4246 2648 4315 Hagae
2672 4246 2943 4301 Comitum
2974 4245 3139 4314 1699;

775 4330 866 4386 Po
880 4331 947 4384 hl
963 4346 993 4385 e
1028 4330 1139 4385 Die
1165 4331 1524 4386 Sternenwelt
1557 4330 1672 4384 und
1705 4330 1825 4385 ihre
1846 4331 2163 4401 Betoohner,
2207 4330 2431 4385 Gorres-
2441 4330 2806 4398 Gescllsehaft
2835 4348 2938 4385 zur
2961 4330 3140 4410 Pfieye

779 4415 876 4470 der
923 4415 1320 4485 Wissenschaft
1352 4417 1433 4471 im
1467 4416 1669 4473 kathol.
1704 4415 2089 4471 Deutschland
2123 4417 2213 4470 III
2250 4415 2385 4470 1884
2420 4432 2548 4486 pars
2585 4418 2614 4490 I
2648 4425 2706 4473 et
2741 4418 2816 4472 II.
2922 4487 2926 4490 .
