3576 5085
650 423 773 488 178
1552 419 1856 474 Guilelmus
1892 418 2106 472 Gundel
2902 416 3008 502 [86

645 594 919 655 siriertes
954 589 1349 654 Wc‘irterbuch
1378 590 1491 653 der
1520 587 1858 652 rdmischen
1885 589 2272 652 Altertic‘mer
2294 607 2354 669 p.
2386 589 2530 653 332.
2585 586 3010 668 Comparanti

649 696 1069 775 apparebunt
1113 694 1308 759 haec:

817 1638 1183 1718 Utramque
1214 1635 1563 1719 imaginem
1597 1637 1868 1701 eandem
1907 1653 2051 1701 esse
2081 1633 2370 1699 libenter
2399 1633 2787 1717 concedes¹>
2863 1633 3011 1698 Cin-

644 1742 870 1823 gulum
916 1757 1035 1821 pro
1080 1744 1372 1805 extremo
1417 1743 1675 1805 temone
1723 1737 1917 1821 cedit,
1970 1737 2155 1802 cuius
2201 1736 2270 1801 in
2313 1741 2597 1817 utraque
2641 1740 2833 1817 parte
2879 1735 3011 1801 sin-

644 1843 804 1926 gula
846 1843 1007 1924 iuga
1050 1841 1412 1924 eriguntur,
1474 1861 1509 1906 e
1560 1841 1798 1922 quibus
1837 1842 1978 1906 lora
2009 1840 2399 1921 dependent.
2487 1838 2802 1903 Fortasse
2846 1838 3012 1903 haec

643 1947 785 2011 lora
823 1965 864 2011 a
894 1944 1235 2011 veteribus
1266 1943 1578 2009 Romanis
1610 1943 2121 2025 appellabantur
2165 1941 2435 2025 iay-ulae,
2481 1942 2708 2007 eadem
2754 1940 3012 2006 ratione

644 2067 686 2113 a
716 2048 938 2113 radice
968 2049 1108 2127 iuq—
1142 2048 1483 2127 deductae,
1530 2063 1655 2126 quo
1687 2046 2085 2112 Graecorum
2125 2042 2385 2126 ξεῦγλαι
2415 2062 2456 2108 a
2487 2042 2737 2127 §avr-5³)
2826 2041 3012 2125 Quod

646 2150 703 2215 si
749 2168 977 2216 verum
1022 2149 1130 2231 sit,
1177 2150 1262 2215 ab
1308 2148 1413 2214 his
1463 2148 1621 2214 loris
1654 2148 1837 2213 sidus
1881 2147 2185 2229 primitus
2225 2148 2585 2214 vocabatur
2628 2146 2899 2229 mycalae,
2944 2152 3014 2211 et

644 2252 866 2332 iuqula
934 2257 1163 2333 postea
1232 2251 1385 2315 inde
1453 2252 1916 2316 deducebatur.
2033 2250 2166 2315 Sed
2234 2251 2356 2315 hoc
2417 2268 2542 2314 non
2618 2248 3010 2330 putaverim,

644 2353 946 2435 quoniam
991 2354 1426 2419 iumentorum
1484 2353 1644 2433 iuga
1684 2351 2005 2434 cogitanti
2057 2353 2329 2435 lignum,
2386 2371 2513 2417 non
2558 2353 2768 2417 lorum
2827 2350 3011 2432 prius

644 2456 715 2521 in
745 2460 1027 2522 mentem
1060 2455 1260 2521 venit.
1349 2457 1586 2536 Itaque
1620 2474 1748 2540 ‘ego
1778 2455 2149 2520 existimem
2180 2454 2363 2521 sidus
2394 2454 2560 2519 illud
2601 2472 2642 2518 a
2672 2453 3010 2521 veteribus

645 2559 1047 2641 appellatum
1095 2577 1238 2623 esse
1281 2560 1505 2642 iuyula
1550 2558 1739 2643 (plur.
1781 2559 2037 2644 neutr.),
2090 2561 2257 2639 quod
2303 2558 2504 2639 prisci
2549 2559 2857 2623 nomades
2903 2559 3011 2623 vel

644 2660 973 2743 agricolae
1017 2661 1241 2743 iugum
1287 2662 1532 2743 duplex
1575 2662 1858 2743 plaustri
1903 2662 2011 2728 vel
2079 2661 2292 2726 aratri
2356 2660 2655 2742 aspicere
2717 2679 2788 2726 se
2834 2661 3009 2726 arbi-

644 2763 1078 2847 trabantur.⁸)
1152 2763 1338 2845 Quod
1370 2763 1482 2847 eis,
1517 2763 1629 2845 qui
1658 2765 2025 2844 plaustrum
2063 2767 2133 2830 et
2158 2770 2479 2829 temonem
2512 2762 3010 2844 constituerant,

642 2865 917 2931 difficile
961 2885 1091 2932 non
1138 2872 1302 2932 erat.
1390 2868 1636 2932 Postea
1683 2871 1904 2932 autem
1957 2867 2078 2931 hoc
2122 2871 2428 2931 neutrum
2482 2883 2689 2947 genus
2729 2864 3009 2946 pluralis

644 2969 898 3034 numeri
929 2988 1042 3051 pro
1074 2968 1388 3035 feminino
1426 2969 1786 3051 singularis
1819 2970 2213 3051 habuerunt,
2247 2972 2316 3034 et
2348 2967 2653 3049 analogia
2680 2966 3008 3033 nominum

642 3073 932 3153 veryiliae
1002 3073 1259 3135 suc-ulae
1323 3072 1595 3136 adducti
1659 3089 1895 3138 novum
1969 3070 2302 3136 finxerunt
2359 3071 2684 3152 pluralem
2741 3070 3010 3153 iuyulae.

646 3173 871 3240 Simile
919 3173 1077 3254 quid
1117 3173 1360 3239 accidit
1405 3174 1551 3240 voci
1598 3175 1904 3256 mendum,
1950 3174 2115 3256 plur.
2160 3173 2399 3256 menda,
2446 3174 2555 3239 cui
2596 3177 2833 3255 postea
2862 3168 3010 3238 sub-

638 3276 1013 3341 stituerunt
1072 3276 1329 3359 memla,
1404 3278 1570 3358 plur.
1631 3276 1960 3361 mendaef)
2085 3277 2288 3341 Notes
2362 3281 2582 3342 autem
2663 3280 3011 3358 praeterea
3047 3316 3054 3323 -

645 3376 920 3443 formam
967 3378 1455 3463 deminutivam,
1516 3382 1597 3445 de
1660 3399 1792 3460 qua
1838 3379 2057 3461 capite
2103 3379 2302 3445 tertio
2354 3379 2425 3445 in
2485 3397 2818 3445 commune
2881 3378 3012 3444 erit

644 3479 1007 3546 dicendum.

818 3581 1118 3649 Vidimus
1177 3583 1553 3666 iugularum
1621 3602 1856 3649 nomen
1919 3603 2040 3666 per
2112 3589 2320 3650 totum
2394 3584 2667 3667 linguae
2726 3583 3011 3649 Latinae

647 3685 857 3752 vitam
904 3691 1125 3751 notam
1169 3685 1391 3769 fuisse,
1434 3705 1476 3751 a
1519 3686 1760 3752 Plauto
1805 3689 1892 3752 ad
1934 3686 2276 3753 Isidorum.
2363 3686 2494 3752 Sed
2552 3705 2706 3753 raro
2751 3689 3009 3752 tantum

825 3890 864 3960 ¹)
898 3892 1050 3945 Idem
1101 3891 1270 3945 sentit
1321 3891 1616 3946 scholiasta
1670 3891 1726 3945 in
1775 3892 1958 3947 Germ.
2007 3891 2100 3945 Ar.
2157 3909 2208 3960 p.
2245 3892 2313 3945 93
2331 3909 2408 3959 sq.
2457 3893 2520 3960 B,
2572 3891 2667 3959 qui
2714 3892 2876 3946 dicit:
2923 3889 3012 3944 hic

634 3974 864 4045 ⁸(Orion)
902 3975 1073 4030 latine
1110 3976 1305 4046 iuyula
1340 3977 1672 4046 appellatur,
1710 3995 1868 4046 quem
1904 3976 1978 4030 ad
2024 3976 2248 4031 modum
2283 3981 2337 4031 et
2382 3980 2616 4047 apparet
2661 3977 2833 4031 stellis
2876 3976 3011 4045 fiqu-

646 4064 808 4115 ratus
857 4061 1020 4117 VIII.

818 4147 859 4215 ²)
895 4165 948 4201 v.
987 4149 1051 4201 A.
1089 4149 1334 4203 Walde
1369 4148 1499 4204 Lat.
1538 4148 1753 4217 etymol.
1808 4147 2162 4202 Wo’rterbuch
2196 4165 2249 4217 p.
2284 4148 2403 4202 311.

823 4233 862 4303 8)
898 4234 1103 4288 Eodem
1140 4235 1293 4287 modo
1330 4235 1726 4303 interpretatus
1765 4240 1851 4288 est
1886 4232 2149 4302 HilariuS,
2188 4233 2282 4301 qui
2317 4233 2375 4287 in
2410 4233 2611 4288 Genesi
2646 4250 2699 4289 v.
2732 4233 2799 4286 70
2834 4233 3009 4304 (Corp.

636 4318 833 4388 script.
870 4318 999 4373 eccl.
1034 4319 1131 4373 lat.
1170 4320 1365 4373 XXIII
1400 4318 1524 4388 233)
1562 4317 1693 4388 iuya
1727 4318 1878 4373 dicit.

820 4403 864 4472 4)
902 4421 954 4459 v.
992 4404 1520 4472 Lindsay-Nohl
1555 4403 1667 4457 Die
1705 4402 2023 4458 lateinische
2060 4403 2300 4472 Sprache
2334 4421 2386 4472 p.
2422 4404 2541 4457 459.
