3576 5085
551 423 705 512 123]
1000 427 1083 480 De
1118 427 1401 481 stellarum
1438 426 1802 495 appellatione
1837 433 1894 483 et
1930 427 2193 498 religione
2226 430 2475 484 Romana
2790 431 2917 497 215

859 603 1040 663 astra
1084 596 1329 663 mirata
1373 603 1624 679 pavent
1667 598 1887 664 subito
1932 599 2208 667 virtutis
2254 603 2336 667 ab
2385 601 2521 668 alto

857 699 1010 766 hinc
1052 700 1323 766 iubente
1369 702 1487 766 deo
1532 700 1717 766 facili
1763 720 1910 767 cum
1954 721 2113 768 voce
2157 702 2469 783 potentis.

482 904 488 910 .
527 818 686 896 ,Nec
731 821 972 885 desunt
1013 825 1281 901 praeter
1324 820 1554 886 Plauti
1598 821 1937 905 prologum
1995 821 2389 905 testimonia,
2448 824 2686 904 quibus
2729 826 2916 890 doce-

543 940 755 1003 -amur,
800 924 1113 1002 quomodo
1159 922 1385 1003 superi
1430 924 1770 988 stellarum
1819 924 2178 990 ministerio
2224 926 2326 991 usi
2371 925 2524 991 sint.
2612 928 2708 992 Ut
2751 928 2915 992 Arc-

542 1029 738 1091 turus
770 1024 840 1089 in
870 1030 1116 1090 terram
1149 1025 1488 1091 descendit
1518 1026 1885 1092 Mercurius
1917 1028 2179 1093 deorum
2218 1017 2520 1110 1'1untius3
2564 1047 2647 1094 ne
2678 1029 2914 1095 stellae

541 1127 1008 1193 descendentis
1087 1126 1305 1209 fulgor
1377 1127 1747 1193 hominibus
1816 1134 2078 1213 noceat,
2158 1130 2373 1212 perite
2454 1136 2679 1214 cavet,
2737 1131 2916 1198 Stat.

542 1229 761 1294 Theb.
806 1230 841 1295 I
885 1230 1042 1296 305:

862 1349 1262 1430 obnubitque
1310 1369 1524 1417 comas
1570 1356 1638 1416 et
1683 1354 2012 1432 temperat
2055 1355 2241 1417 astra
2283 1352 2528 1433 galero

547 1458 949 1550 Plerumque
994 1488 1149 1534 vero
1193 1488 1323 1535 non
1369 1470 1606 1535 stellae
1650 1470 2026 1536 iamdudum
2087 1471 2155 1535 in
2202 1470 2381 1537 caelo
2426 1470 2719 1537 nitentes
2764 1470 2915 1536 mit·

542 1575 800 1654 ‘tuntur,
844 1572 955 1651 qui
999 1571 1285 1637 ministri
1331 1574 1595 1638 deorum
1638 1574 1819 1638 iussa
1863 1573 1933 1638 in
1985 1573 2184 1639 terris
2230 1573 2499 1656 faciant,
2544 1576 2657 1639 sed
2702 1592 2915 1640 novae

550 1691 796 1754 eaeque
842 1674 953 1739 vel
998 1674 1068 1739 111
1114 1674 1219 1740 die
1264 1674 1370 1742 vel
1413 1679 1612 1741 noctu
1672 1676 1892 1741 subito
1938 1676 2008 1740 in
2054 1676 2461 1742 firmamento
2520 1676 2914 1758 effulgentes

546 1775 921 1841 hominibus
980 1777 1230 1856 aliquid
1288 1777 1442 1843 novi
1503 1777 1686 1843 iussu
1746 1767 2011 1844 deorum
2077 1778 2393 1844 indicant.
2496 1779 2606 1844 Sic
2665 1783 2915 1844 astrum

548 1875 915 1944 Dionaeum
963 1877 1533 1967 01110010101111,,111
1581 1880 1936 1946 Octaviani
1976 1880 2203 1947 futura
2254 1881 2469 1963 gloria
2528 1880 2915 1947 mortalibus

550 1979 997 2046 innotesceret
1026 1980 1233 2066 (Serv.
1271 1985 1358 2047 ad
1387 1984 1584 2065 Verg.
1622 1983 1845 2065 Eclog.
1878 1984 1980 2049 IX
2010 1985 2150 2069 46);
2197 1983 2513 2065 imprimis
2560 1986 2913 2049 secundum

548 2083 933 2163 popularem
964 2083 1330 2164 opinionem
1371 2104 1445 2150 eo
1477 2084 1600 2169 die,
1645 2105 1769 2165 quo
1815 2085 2074 2152 iuvenis
2106 2088 2377 2168 Romam
2407 2086 2689 2152 intravit
2718 2086 2913 2171 (Plin.

541 2185 705 2251 Nat.
743 2185 895 2251 hist.
934 2186 1007 2251 H
1037 2188 1176 2272 98);
1200 2187 1248 2271 1)
1293 2187 1654 2269 posteriore
1694 2193 1987 2269 tempore
2019 2192 2176 2254 ante
2210 2190 2398 2272 diem,
2433 2208 2556 2270 quo
2588 2188 2915 2255 Pertinax

546 2287 910 2370 ‘imperator
939 2294 1230 2356 mortuus
1262 2295 1379 2372 est,
1426 2291 1664 2357 stellae
1694 2290 2105 2358 clarissimae
2136 2291 2328 2357 iuxta
2366 2292 2563 2357 solem
2595 2311 2713 2374 per
2742 2292 2912 2356 diem

536 2392 936 2458 effulserunt
1009 2392 1196 2478 (Vita
1240 2395 1415 2459 Pert.
1478 2413 1616 2475 cap.
1660 2395 1849 2473 XIV)
1874 2394 1923 2475 2)
1984 2399 2050 2461 et
2110 2395 2217 2460 die
2275 2394 2487 2476 prima
2545 2394 2914 2460 Alexandri

547 2494 777 2563 Severi
841 2497 1018 2578 apud
1078 2496 1320 2562 Arcam
1381 2496 1771 2563 Caesaream
1846 2498 2040 2563 stella
2110 2498 2363 2579 primae
2437 2496 2912 2581 magnitudinis

537 2601 685 2664 toto
730 2598 836 2664 die
882 2598 1262 2680 apparuisse
1306 2599 1520 2665 fertur
1563 2600 1750 2684 (Vita
1781 2600 1967 2666 Alex.
2009 2601 2229 2667 Sever.
2274 2620 2413 2682 cap.
2442 2601 2661 2684 XIII),
2706 2620 2792 2666 sc.
2838 2606 2914 2666 ut

537 2700 1067 2782 magnitudinem
1125 2700 1274 2765 nati
1333 2703 1826 2787 praediceret.²³)
1929 2701 2025 2768 Ut
2086 2702 2437 2770 Octaviani
2493 2702 2593 2768 ita
2638 2702 2914 2769 Honorii

536 2802 831 2868 consulis
863 2801 1075 2884 gloria
1104 2803 1562 2869 illustrabatur
1592 2805 1791 2869 stella
1823 2804 2033 2869 medio
2065 2804 2170 2869 die
2201 2803 2543 2886 emicante,
2573 2805 2914 2870 Claudian.

538 2903 616 2969 ,111
660 2905 759 2970 IV
790 2922 958 2970 cons.
1004 2905 1170 2971 Hon.
1219 2906 1342 2971 184
1358 2924 1494 2986 sqq.
1582 2907 1724 2971 Aut
1775 2907 1971 2999 stella
2015 2907 2382 2972 hominibus
2426 2906 2607 2974 viam
2652 2909 2913 2972 demon-

552 3011 769 3073 strare
800 3007 985 3072 iussa
1016 3013 1150 3089 est;
1197 3008 1296 3073 ita
1327 3009 1541 3074 Varro
1570 3008 1894 3091 narravit,
1935 3028 2077 3075 cum
2107 3010 2371 3075 Aeneas
2402 3008 2598 3074 Troia
2627 3009 2912 3091 fugeret,

542 3109 873 3176 Venerem
916 3110 1172 3176 misisse
1212 3110 1274 3176 ei
1318 3110 1661 3176 luciferum
1709 3114 1955 3194 ducem,
2003 3114 2207 3178 donec
2243 3113 2313 3176 in
2355 3130 2585 3194 agrum
2617 3111 2911 3176 Lauren-

543 3216 681 3277 tem
726 3211 1110 3294 perveniret
1154 3213 1361 3299 (Serv.
1407 3216 1491 3279 ad
1533 3215 1733 3296 Verg.
1777 3216 1942 3280 Aen.
1985 3214 2057 3279 II
2101 3214 2330 3298 801).4)

720 3381 757 3452 ¹)
796 3383 910 3436 Hoc
948 3383 1195 3438 Caesaris
1232 3388 1439 3438 astrum
1489 3383 1586 3437 alii
1623 3383 1785 3437 aliter
1833 3383 2187 3452 interpretati
2234 3390 2366 3438 sunt
2403 3399 2631 3451 quorum
2667 3381 2913 3451 plerique

530 3474 805 3523 cometam
840 3469 979 3523 hanc
1015 3469 1232 3523 stellam
1270 3470 1544 3523 dixerunt.
1615 3468 1795 3535 Quare
1832 3470 1898 3523 de
1936 3469 2036 3523 hac
2070 3470 2192 3524 luce
2227 3469 2373 3523 infra
2407 3469 2465 3523 in
2502 3471 2533 3536 ἓ
2569 3468 2604 3521 3
2638 3468 2769 3538 dixi,
2817 3469 2914 3524 ubi

541 3553 612 3608 de
647 3554 822 3608 stellis
859 3554 1072 3609 crinitis
1102 3555 1314 3624 agitur.

712 3639 755 3706 ει)
792 3640 1090 3708 Praecipue
1126 3656 1254 3695 vero
1291 3639 1702 3708 coniunguntur
1736 3640 1876 3695 tales
1925 3640 2264 3694 narrationes
2310 3655 2434 3693 cum
2486 3639 2735 3694 cometis,
2784 3638 2911 3695 vide

532 3722 738 3777 iterum
786 3725 817 3790 ξ
853 3725 902 3779 3.
950 3755 1017 3764 —-
1065 3724 1277 3779 Similia
1324 3726 1390 3779 de
1438 3725 1599 3779 stella
1645 3725 1703 3779 in
1750 3725 1839 3780 die
1875 3725 2056 3780 subito
2109 3725 2231 3780 visa
2275 3725 2421 3793 apud
2457 3725 2686 3779 Iudaeos
2731 3725 2912 3778 trade-

543 3806 768 3863 bantur:
817 3826 920 3876 quo
957 3810 1046 3864 die
1082 3811 1320 3865 Abraam
1357 3816 1524 3865 natus
1566 3817 1726 3879 esset,
1776 3811 1992 3865 stellam
2029 3810 2211 3865 subito
2249 3815 2602 3880 apparentem
2651 3815 2913 3877 quattuor

534 3892 680 3946 alias
719 3894 907 3948 stellas
943 3897 1257 3964 devorasse3
1307 3913 1359 3951 v.
1398 3897 1628 3965 Apokal.
1667 3897 1887 3964 Abrah.,
1926 3895 2083 3950 send.
2118 3913 2220 3949 zur
2264 3895 2454 3952 Gesch.
2492 3895 2588 3950 der
2627 3895 2912 3965 Theoloqic

543 3992 598 4031 u.
633 3977 840 4032 Kirche
874 3980 904 4032 I
937 3997 1064 4049 pag.
1101 3981 1184 4034 47.

718 4063 758 4132 ³)
796 4064 899 4119 Sed
935 4066 1069 4120 haec
1105 4067 1348 4122 narratio
1395 4073 1453 4122 et
1500 4068 1568 4122 ad
1617 4068 1845 4123 alteram
1894 4067 2295 4135 persuasionem
2344 4084 2483 4134 quae
2520 4084 2554 4121 a
2599 4066 2796 4136 populo
2844 4066 2911 4120 de

535 4149 721 4203 stellis
758 4150 938 4205 subito
975 4151 1314 4206 elucentibus
1348 4153 1640 4224 ferebatur,
1677 4153 1809 4208 reici
1844 4158 2040 4223 potest,
2078 4168 2131 4208 v.
2167 4153 2313 4207 infra
2347 4169 2475 4222 pag.
2514 4153 2614 4224 134
2627 4168 2706 4218 sq.

714 4235 757 4305 ⁴)
793 4235 927 4291 Nolo
963 4236 1061 4291 hoc
1095 4238 1210 4291 loco
1233 4237 1405 4292 fusior
1440 4254 1557 4293 esse
1594 4239 1662 4294 de
1697 4240 1860 4294 stella
1896 4240 2031 4294 duce
2054 4255 2363 4308 magorum,
2400 4238 2496 4305 qni
2518 4236 2707 4291 mundi
2732 4235 2910 4288 salva-

533 4324 712 4376 torem
761 4322 1111 4389 quaerebant.
1194 4323 1332 4378 Vide
1378 4324 1755 4379 tantummodo
1806 4324 2144 4379 chalcidium
2203 4325 2274 4379 ad
2322 4321 2570 4377 Platonis
2624 4321 2910 4374 Timaeum

530 4406 796 4461 CXXVI:
834 4410 918 4461 est
950 4424 1157 4477 quoquc
1178 4409 1295 4463 alia
1320 4410 1567 4464 sanctior
1601 4412 1653 4463 ct
1673 4409 2036 4465 venerabilior
2065 4409 2321 4476 historia,
2358 4424 2493 4476 quac
2508 4404 2761 4474 perhibet
2782 4406 2911 4458 ortu
2986 4483 2990 4486 ἢ
