3576 5085
564 418 672 506 53]
1011 420 1094 474 De
1130 420 1415 474 stellarum
1451 420 1817 488 appellatione
1854 425 1910 473 et
1944 420 2208 489 religione
2243 421 2488 475 Romana
2787 424 2931 492 ‘145

565 590 800 670 quibus
860 591 1188 656 Arcturus
1250 595 1367 655 aut
1434 590 1695 671 vesperi
1753 591 2093 656 oriebatur
2152 596 2272 657 aut
2323 611 2514 658 mane
2573 593 2931 675 occidebat,

560 692 985 773 procellosius
1029 711 1208 761 mare
1255 711 1400 758 esse
1446 693 1719 758 solebat.
1809 693 1996 774 Quod
2042 695 2345 759 docemur
2388 714 2427 759 a
2473 695 2755 778 Vegetio
2800 696 2930 760 mil.

563 814 658 875 ep.
705 796 801 860 IV
834 795 948 860 39:
995 815 1037 857 a
1082 795 1181 858 die
1234 793 1332 858 VI
1349 795 1502 859 Kal.
1547 793 1776 858 Iunias
1815 815 2010 876 usqae
2051 797 2123 859 in
2168 797 2436 859 Arcturi
2480 802 2701 878 ortam,
2743 797 2931 862 idest

559 899 631 960 iri
674 897 837 960 diem
893 896 1076 963 VIII.
1123 897 1426 960 decimam
1462 897 1611 962 Kal.
1662 897 1963 974 OctobreS,
2008 917 2225 961 secura
2276 900 2589 979 oiamyatio
2634 900 2927 979 creditur,

562 1001 711 1082 quia
742 1001 994 1062 aestatis
1025 999 1305 1079 beneflcio
1333 1004 1650 1062 ventorum
1681 1000 1982 1064 acerbitas
2013 1002 2373 1081 mitiyatar;
2395 1007 2536 1083 post
2564 1002 2671 1065 hoc
2695 1007 2931 1082 tempus

562 1122 753 1183 usque
794 1104 865 1165 in
896 1103 1148 1164 tertium
1190 1101 1336 1164 idus
1364 1102 1732 1165 Novembres
1764 1103 2004 1165 ineerta
2032 1105 2347 1183 naviyatio
2378 1109 2466 1167 est
2495 1109 2552 1167 et
2580 1104 2932 1168 discrimini

555 1206 852 1287 proprior
903 1208 1246 1284 propterea,
1312 1205 1461 1285 quia
1511 1209 1651 1285 post
1707 1204 1856 1267 idas
1915 1204 2293 1285 Septembres
2351 1208 2555 1269 oritur
2597 1210 2930 1291 Arcturus,

561 1307 1152 1369 vehementissimam
1209 1305 1402 1371 sidus,
1511 1306 1603 1369 Et
1672 1305 1855 1371 VIII.
1906 1307 2055 1373 Kal.
2121 1307 2403 1372 Octobres
2466 1311 2933 1389 aequinoctialis

563 1410 755 1472 evenit
806 1409 1024 1471 acerba
1068 1413 1401 1490 tempestae.

737 1511 882 1592 Qua
925 1510 995 1575 in
1039 1531 1114 1577 re
1161 1513 1599 1576 adnotandum
1635 1518 1752 1595 est,
1798 1512 1870 1577 id
1912 1515 2080 1593 quod
2124 1513 2258 1578 iam
2304 1515 2383 1579 de
2430 1514 2732 1580 canicula
2763 1515 2930 1580 dixi-

564 1632 720 1695 nmS,
765 1618 1031 1679 veteres
1078 1632 1247 1694 quae
1291 1617 1441 1695 post
1488 1613 1669 1679 sidus
1717 1619 2014 1679 exortum
2062 1615 2311 1680 fiebant
2374 1635 2496 1698 per
2552 1618 2673 1681 hoc
2717 1617 2931 1698 ipsum

564 1716 748 1781 sidus
795 1715 979 1781 facta
1026 1735 1171 1781 esse
1215 1722 1513 1796 putasse:
1573 1716 1674 1780 ita
1724 1717 1846 1781 1100
1904 1717 2043 1782 1000
2090 1722 2522 1797 tempestates
2582 1724 2932 1785 moventur

461 1879 467 1883 ,
561 1819 644 1882 ab
690 1818 992 1900 Arctum,
1022 1818 1596 1885 vehementissimo
1635 1817 1926 1902 sidere.¹)
1986 1819 2058 1884 Si
2090 1825 2310 1884 autem
2342 1839 2381 1884 a
2413 1821 2686 1886 Graecis
2731 1823 2931 1887 semel

563 1920 935 1984 didicerant
978 1919 1255 1984 Romani
1288 1924 1624 1984 arcturum
1657 1920 1994 2000 appellare
2037 1925 2105 1986 et
2129 1922 2499 2004 observare,
2547 1925 2626 1987 de
2657 1924 2931 2004 reliquis

563 2021 978 2101 opinionibus
1039 2022 1169 2085 iam
1232 2021 1450 2086 dicere
1509 2040 1635 2086 non
1695 2041 2037 2101 possumus
2105 2027 2323 2088 utrum
2383 2045 2423 2088 a
2484 2025 2758 2090 Graecis
2819 2045 2931 2091 eas

562 2123 1031 2188 transtulerint
1061 2123 1339 2188 Romani
1372 2143 1456 2188 an
1490 2142 1612 2189 sua
1642 2125 1932 2204 ipsorum
1964 2126 2423 2191 observatione
2449 2127 2932 2195 adinvenerint.

562 2226 815 2308 Quibus
861 2228 1213 2291 adnumero
1261 2228 1429 2306 quod
1473 2246 1598 2291 non
1644 2227 1713 2291 in
1757 2227 1924 2292 mari
1969 2233 2232 2292 tantum
2280 2228 2759 2312 dominabatur,
2816 2234 2930 2296 sed

563 2329 763 2394 etiam
807 2329 876 2394 in
923 2334 1104 2394 terra
1148 2334 1383 2394 ventos
1425 2329 1684 2410 pluvias
1730 2330 2124 2411 grandinem
2170 2330 2384 2414 frigus
2430 2333 2757 2416 movebat,
2804 2353 2930 2414 quo

562 2432 779 2513 fiebat,
825 2438 901 2496 ut
945 2437 1211 2511 praeter
1255 2435 1497 2497 nautas
1539 2432 1774 2496 rustici
1822 2451 2076 2513 quoque
2125 2435 2376 2499 arcturi
2421 2435 2754 2516 periodum
2819 2438 2929 2501 ob-

450 2591 456 2597 .
563 2538 923 2618 servarent,
949 2539 1023 2600 ut
1055 2534 1270 2614 qualis
1302 2539 1658 2616 tempestas
1682 2535 1910 2601 futura
1942 2540 2116 2602 esset
2150 2537 2548 2603 divinarent.
2571 2538 2932 2605 Incidimus

561 2637 631 2701 in
676 2638 879 2701 talem
921 2637 1445 2703 observationem
1492 2640 1668 2718 apud
1715 2639 2138 2704 Columellam
2183 2641 2287 2704 XI
2330 2643 2388 2721 2,
2435 2643 2547 2705 21;
2611 2640 2735 2705 ΙΧ.
2780 2641 2932 2707 Kal.

563 2738 796 2800 Martii
840 2739 1159 2801 Arcturus
1190 2739 1404 2818 prima
1454 2743 1624 2801 reocte
1682 2741 1899 2822 oritur,
1954 2741 2238 2821 friyidus
2297 2742 2427 2805 dies·
2470 2744 2786 2822 Aquilone
2842 2745 2933 2807 vel

572 2837 761 2920 Οονο,
833 2839 1147 2901 interdum
1207 2840 1440 2920 pluvia.
1464 2840 1513 2924 2)
1601 2841 1698 2906 Ib.
1748 2843 1863 2923 43:
1922 2842 2028 2904 XI
2084 2849 2141 2906 et
2191 2845 2262 2905 X
2316 2844 2643 2907 Kalendas
2700 2845 2932 2910 Iunias

565 2941 886 3004 Arcturus
914 2961 1095 3003 mane
1132 2942 1363 3025 occidit,
1409 2947 1823 3024 tempestatem
1862 2945 2249 3030 mortificat-⁶³)
2340 2946 2511 3029 Quin
2546 2947 2746 3011 etiam
2787 2948 2929 3013 eius

566 3044 876 3109 momenti
921 3048 1223 3110 arcturus
1268 3045 1576 3127 agricolis
1622 3045 1769 3128 fuit,
1830 3051 1904 3111 ut
1964 3049 2049 3112 ad
2095 3048 2236 3113 eius
2284 3053 2465 3114 ortus
2535 3053 2602 3113 et
2662 3067 2930 3115 occasus

566 3147 757 3213 varia
817 3165 1016 3228 opera
1069 3147 1321 3213 rustica
1383 3148 1930 3231 describerentur,
1992 3169 2159 3230 quae
2216 3169 2605 3216 enumerare
2663 3152 2929 3236 longum

566 3254 696 3314 est:
759 3256 1258 3315 commemorata
1327 3270 1405 3316 ea
1463 3252 1762 3317 invenies
1831 3255 2006 3333 apud
2066 3255 2419 3334 scriptores
2478 3253 2576 3319 rei
2636 3255 2931 3321 rusticae

562 3369 622 3417 V.
656 3372 705 3418 c.
741 3352 1093 3418 Varronem
1128 3355 1204 3419 R.
1243 3375 1294 3419 r.
1341 3355 1375 3419 I
1405 3355 1505 3437 35,
1537 3356 1595 3419 2.
1639 3354 1710 3419 II
1743 3357 1799 3437 1,
1833 3357 1930 3421 18.
1970 3356 2041 3420 Π
2071 3358 2127 3437 2,
2177 3358 2275 3421 13.
2319 3356 2426 3420 ΙΙΙ
2459 3358 2558 3439 16,
2606 3359 2719 3438 34;
2766 3359 2929 3424 Ver-

560 3454 791 3535 gilium
852 3456 1085 3537 Georg.
1147 3457 1182 3520 Ι
1224 3459 1323 3521 68.
1379 3458 1533 3538 229;
1596 3456 2016 3523 Columellam
2076 3458 2147 3522 II
2204 3459 2300 3541 10,
2363 3457 2464 3523 21.
2523 3459 2624 3524 IX
2684 3462 2781 3542 14,
2829 3461 2931 3526 10.

565 3559 662 3622 17.
711 3560 823 3638 18;
872 3557 1024 3624 vide
1068 3563 1337 3639 praeter
1393 3560 1513 3625 hos
1573 3559 1862 3625 Plinium
1907 3560 2059 3626 Nat.
2104 3561 2261 3626 hist.
2302 3562 2407 3627 XI
2452 3563 2555 3628 43.
2614 3563 2778 3628 XVI
2824 3564 2926 3628 99.

561 3659 724 3724 XVI
767 3662 908 3726 188.
954 3661 1154 3726 XVII
1201 3663 1343 3727 131.
1388 3663 1529 3727 134.
1575 3663 1719 3728 230.
1759 3664 2001 3730 XVIII
2034 3665 2175 3729 137.
2223 3665 2364 3730 202.
2455 3666 2583 3730 Sed
2629 3666 2927 3732 omnibus

561 3761 664 3827 his
713 3762 874 3827 locis
921 3782 1079 3842 quos
1116 3766 1302 3829 modo
1336 3766 1715 3832 enumeravi
1761 3766 1884 3831 1100
1915 3785 2250 3833 commune
2282 3772 2399 3850 est,
2446 3770 2617 3849 quod
2664 3774 2928 3834 arcturo

737 3968 775 4033 ¹)
813 3967 1059 4021 Eandem
1108 3969 1437 4023 sententiam
1491 3970 1665 4024 tradit
1711 3969 1926 4024 Plinius
1965 3970 2091 4025 Nat.
2140 3971 2267 4026 hist.
2316 3972 2375 4025 ΙΙ
2412 3971 2539 4041 1063
2588 3973 2713 4027 vide
2762 3973 2928 4027 etiam

560 4049 721 4104 Solin.
758 4051 840 4104 XI
876 4052 958 4119 25,
1009 4052 1154 4106 Serv.
1193 4055 1360 4122 Verg.
1398 4054 1594 4124 Georg.
1631 4056 1659 4108 I
1693 4055 1777 4109 67.

734 4135 775 4203 2)
811 4136 878 4189 In
915 4141 1162 4191 veterum
1199 4139 1381 4192 varias
1416 4140 1655 4194 rationes
1693 4141 1985 4196 definiendi
2034 4141 2240 4196 arcturi
2289 4148 2441 4197 ortus
2478 4148 2535 4197 et
2581 4159 2800 4197 occasus
2845 4142 2928 4195 in-

561 4220 776 4288 quirere
812 4223 1058 4275 consulto
1095 4224 1387 4292 supersedi,
1425 4240 1493 4278 ne
1529 4225 1748 4294 longius
1786 4226 1882 4280 abs
1918 4227 2133 4295 incepto
2167 4228 2428 4284 traherer.

734 4306 775 4375 ³)
812 4307 950 4361 Vide
987 4307 1155 4362 etiam
1191 4308 1335 4363 Plin.
1384 4309 1511 4365 Nat.
1557 4310 1687 4365 hist.
1724 4312 1918 4367 XVIII
1953 4313 2083 4381 3113
2146 4312 2351 4367 Colum.
2391 4313 2471 4367 XI
2508 4314 2557 4382 2,
2596 4312 2679 4367 21.
2716 4313 2798 4366 45.
2837 4311 2923 4366 63.

560 4391 656 4461 65;
693 4393 880 4448 Claud.
919 4394 1053 4447 XXI
1092 4393 1208 4447 123.
