3576 5085
680 419 807 483 126
1584 416 1885 471 Guilelmus
1922 416 2136 471 Gundel
2720 491 2733 502 ο
2935 418 3054 505 [34.

679 586 911 670 stellis,
936 606 1210 668 quarum
1234 586 1564 652 interdum
1588 591 2019 653 numerantur
2041 586 2302 669 viginti,
2337 587 2780 668 compositum.
2828 589 2956 655 Sed
2987 588 3046 655 si

678 690 1031 771 imaginem
1070 689 1265 755 huius
1311 688 1547 755 sideris
1585 691 2066 771 contemplatus
2122 689 2269 770 eris,
2312 689 2509 756 facile
2555 690 3054 758 animadvertes

679 792 1099 858 artificiosam
1131 811 1274 858 esse
1299 811 1444 857 eam
1475 811 1688 872 neque
1721 811 2108 873 quemquam
2135 811 2373 875 eorum,
2405 792 2515 873 qui
2541 792 2742 873 prisci
2773 793 3045 859 fuerunt

677 896 985 977 homineS,
1032 895 1529 961 constellatione
1560 895 1699 960 sola
1739 895 1979 960 adduci
2024 895 2338 977 potuisse,
2384 902 2459 960 ut
2491 914 2636 961 eam
2667 897 3043 977 appellaret

678 999 1056 1064 caniculam.
1144 998 1307 1063 Fuit
1352 998 1562 1080 igitur
1609 998 1742 1062 alia
1790 1017 2009 1081 causa,
2070 1017 2239 1077 quae
2285 997 2562 1064 moverit
2606 998 2772 1081 illos,
2818 1018 3046 1079 quam-

678 1119 803 1182 que
870 1102 1062 1167 hodie
1130 1120 1385 1182 quoque
1450 1101 1918 1182 perspicimuS,
1986 1101 2044 1165 si
2110 1107 2492 1181 reputamus
2557 1101 2737 1165 illius
2804 1101 3051 1167 sideris

677 1203 936 1270 stellam
983 1206 1310 1285 quandam
1357 1203 1756 1285 singularem
1806 1222 2037 1268 nomen
2083 1204 2250 1268 illud
2282 1203 2608 1269 habuisse.
2698 1203 2898 1270 Cuius
2942 1204 3043 1270 rei

676 1307 871 1372 testis
909 1314 1012 1372 est
1040 1307 1210 1373 idem
1244 1307 1552 1388 Hyginus
1590 1308 1631 1371 l.
1662 1326 1740 1371 s:
1786 1307 1963 1369 cauis
1998 1305 2172 1368 habet
2209 1307 2279 1368 iu
2311 1307 2531 1385 linqua
2563 1307 2802 1370 stellam
2831 1326 3052 1388 uuam,

675 1430 834 1490 quae
885 1411 1059 1472 cauis
1116 1411 1481 1490 appellatur.
1571 1410 1761 1475 Unde
1823 1409 2278 1475 concludemus
2341 1409 2820 1489 antiquissimis
2880 1414 3042 1476 tem·

674 1512 941 1595 poribus
988 1513 1247 1577 stellam
1295 1512 1699 1593 singularem
1756 1512 1858 1577 ita
1916 1512 2161 1577 dictam
2222 1511 2445 1593 fuisse,
2509 1512 2745 1578 deinde
2807 1518 3050 1595 autem,

675 1634 819 1680 cum
850 1614 1060 1681 -huius
1105 1615 1385 1681 nominis
1433 1634 1634 1680 causa
1679 1616 1811 1679 iam
1865 1634 1992 1680 non
2039 1615 2555 1697 intellegeretur,
2600 1614 2783 1680 sidus
2827 1620 3045 1681 totum

674 1718 1105 1783 adinventum
1168 1737 1325 1783 esse.
1432 1718 1705 1783 Stellam
1767 1724 1989 1783 autem
2063 1718 2247 1783 illam
2322 1718 2525 1783 etiam
2600 1719 2668 1783 in
2728 1718 2932 1784 Italia
3001 1738 3042 1783 a

673 1821 907 1902 priscis
937 1820 1201 1886 Latinis
1249 1823 1661 1887 observatam
1702 1841 1846 1887 esse
1881 1841 1997 1903 per
2026 1841 2097 1886 se
2126 1827 2344 1902 patet:
2392 1821 2835 1887 fervidissimo
2868 1820 3043 1886 enim

674 1924 831 1991 anni
877 1929 1169 2004 tempore
1228 1925 1404 1989 horis
1450 1925 1797 1990 matutinis
1843 1927 2019 1990 clare
2080 1925 2378 1991 exoriens
2437 1923 2672 1989 summi
2731 1923 3048 1990 momenti

673 2032 820 2093 erat
877 2027 1203 2109 agricoliS,
1261 2027 1374 2107 qui
1433 2028 1630 2108 primi
1676 2029 1991 2093 Italorum
2053 2028 2284 2093 stellas
2343 2027 2746 2110 noverunt.¹)
2860 2027 3038 2110 Quos

675 2130 877 2195 etiam
923 2148 1107 2194 suam
1168 2129 1676 2210 appellationem
1721 2130 1939 2196 lucido
2000 2130 2202 2196 sideri
2261 2129 2584 2196 indidisse
2644 2129 3043 2211 putaverim.

673 2233 838 2297 Nam
884 2233 941 2297 si
994 2233 1283 2298 Graecos
1336 2232 1550 2297 secuti
1596 2239 1834 2314 essent,
1878 2252 2007 2298 non
2053 2232 2469 2315 habuissent,
2532 2252 2648 2298 cur
2706 2252 2824 2313 pro
2868 2232 3039 2293 κύων

670 2340 994 2416 ponerent
1048 2354 1281 2400 nomen
1330 2336 1806 2401 deminutivum
1868 2335 2249 2418 caniculam,
2310 2342 2380 2401 et
2424 2355 2634 2417 genus
2679 2335 2740 2400 ei
2801 2337 3038 2401 darent

670 2458 785 2519 pro
831 2438 1191 2504 masculino
1250 2438 1652 2503 femininum.
1755 2439 1899 2504 Hoc
1945 2439 2117 2504 enim
2178 2458 2439 2504 monere
2497 2438 2727 2521 liceat,
2788 2438 3045 2503 similes

671 2542 1012 2608 stellarum
1037 2540 1514 2623 appellationes
1538 2561 1665 2607 non
1689 2541 2063 2608 necessario
2090 2545 2470 2624 desumptas
2496 2561 2640 2608 esse
2661 2562 2697 2607 e
2713 2540 3043 2608 similibus

670 2651 1045 2711 exterarum
1088 2645 1445 2710 nationum.
1533 2645 1779 2728 Quodsi
1833 2645 2119 2728 fuerunt,
2167 2646 2280 2725 qui
2320 2646 2607 2711 Graecos
2651 2646 2755 2708 τὸν
2792 2645 2949 2707 κύνα
2993 2664 3034 2709 a

669 2748 1019 2814 Chaldaeis
1059 2749 1167 2814 vel
1198 2749 1551 2831 Aegyptiis
1584 2750 1689 2815 vel
1721 2748 1992 2814 Seribus
2022 2748 2073 2832 2)
2118 2753 2453 2814 mutuatos
2503 2767 2644 2814 esse
2677 2748 3040 2830 edicerent,

670 2851 717 2917 ii
763 2851 1040 2917 refutati
1087 2859 1244 2918 sunt
1288 2871 1328 2917 a
1374 2852 1498 2917 Fr.
1547 2853 1736 2917 Boll
1782 2851 2064 2934 Sphaera
2108 2872 2167 2932 p.
2216 2853 2355 2917 180.

1346 3110 1384 3177 Ι.
1452 3110 1539 3179 De
1587 3109 1928 3178 caniculae
1977 3109 2357 3178 nominibus.

847 3262 1169 3346 Canicula,
1215 3283 1286 3326 ac
1330 3262 1475 3327 fem.
1522 3282 1665 3344 gen.
1714 3264 1858 3328 Vox
1909 3262 2188 3344 primum
2246 3261 2530 3326 occurrit
2576 3260 2903 3328 Ciceronis
2964 3268 3034 3328 et

669 3366 986 3431 Varronis
1033 3365 1454 3446 temporibus
1545 3365 1842 3432 Ciceroni
1902 3365 2176 3446 antiquo
2234 3383 2410 3430 more
2469 3365 2667 3430 stella
2727 3371 2846 3447 est,
2904 3385 3036 3431 non

670 3469 869 3534 sidus
957 3469 1279 3550 Exempla
1323 3468 1591 3534 afferam
1638 3471 1718 3534 de
1763 3468 1895 3534 div.
1940 3469 1975 3532 I
2024 3470 2175 3534 130:
2248 3466 2395 3531 Ceos
2439 3470 2785 3550 accepimus
2828 3472 3034 3532 ortum

667 3572 986 3634 caniculae
1013 3570 1340 3652 diligenter
1370 3573 1704 3651 quotannis
1725 3572 1917 3634 solere
1943 3590 2188 3634 servare
2213 3618 2228 3632 .
2255 3622 2268 3634 .
2293 3622 2306 3635 .
2336 3571 2394 3633 si
2423 3570 2739 3634 obscurior
2766 3576 2822 3634 et
2851 3572 3041 3652 quasi

667 3675 1007 3754 caliyiuosa
1049 3678 1166 3738 stc
1183 3675 1241 3738 ll
1256 3695 1295 3737 a
1342 3674 1656 3751 exstiterit,
1695 3674 1935 3754 pinque
1977 3679 2033 3736 el
2062 3678 2407 3736 concretum
2446 3692 2569 3736 esse
2610 3674 2847 3736 caelum
2881 3723 2893 3737 .
2928 3724 2942 3739 .
2979 3721 2993 3736 .
3013 3693 3041 3749 ,·

664 3777 767 3839 siu
795 3777 1087 3840 iuluslm's
1130 3782 1186 3840 cl
1205 3776 1534 3858 perlucida
1562 3797 1595 3840 3
1611 3780 1635 3839 t
1651 3797 1683 3839 6
1700 3778 1723 3840 l
1739 3778 1762 3840 l
1777 3798 1819 3839 a
1861 3777 2239 3860 apparuerit,
2268 3776 2616 3857 siquificari
2644 3777 2878 3840 caelum
2908 3795 3038 3839 6336

666 3884 872 3961 tenue3
930 3899 1058 3945 non
1118 3879 1476 3961 distinguit
1521 3882 1601 3945 de
1653 3880 1795 3945 fato
1845 3882 1955 3944 12:
2000 3879 2200 3959 siquis
2244 3880 2471 3942 oriente
2513 3880 2801 3942 canicula
2843 3884 3040 3942 uatus

664 3986 767 4059 est,
814 3983 886 4045 iu
918 3983 1083 4045 mari
1139 4002 1266 4046 nou
1314 3984 1625 4048 morietur.
1714 3986 1807 4047 At
1838 3984 2050 4048 Varro
2087 3981 2221 4047 iam
2269 3983 2349 4046 de
2395 3982 2641 4063 signo
2689 3983 3029 4047 caniculae

843 4155 881 4225 ¹)
917 4155 1106 4223 Neque
1141 4153 1285 4208 enim
1321 4169 1387 4206 ex
1424 4169 1500 4221 eo,
1539 4152 1679 4220 quod
1716 4152 1931 4220 saepius
1968 4152 2332 4206 Romanorum
2381 4153 2489 4206 viri
2531 4151 2676 4207 docti
2711 4153 2777 4206 de
2814 4158 2937 4207 ortu
2972 4157 3032 4207 et

663 4258 856 4298 occasu
903 4240 1180 4295 caniculae
1229 4245 1428 4309 errant,
1480 4240 1771 4307 quidquam
1826 4241 1893 4294 de
1941 4240 2057 4294 eius
2106 4239 2318 4309 origine
2352 4239 2643 4308 peregrina
2696 4238 3035 4293 concludam.

662 4328 814 4395 Quod
856 4326 988 4381 fecit
1022 4327 1201 4380 Ideler
1236 4327 1271 4380 1.
1309 4327 1344 4380 l.
1381 4343 1432 4393 p.
1471 4326 1587 4380 242.
2241 4395 2242 4398 Ἴ

837 4414 878 4482 ‘·‘)
915 4414 1031 4467 Hoc
1068 4413 1287 4468 volebat
1324 4412 1383 4468 O.
1420 4412 1664 4466 Keller
1717 4411 1874 4465 Tiere
1910 4410 2000 4465 des
2034 4411 2364 4465 klassischen
2399 4411 2707 4464 Altertums
2758 4426 2883 4479 pag.
2913 4408 3034 4464 190.
