3576 5085
501 413 649 501 117]
943 415 1025 468 De
1060 415 1343 469 stellarum
1379 371 1743 483 appellatione
1779 415 1836 469 et
1869 413 2135 484 religione
2169 414 2417 469 Romana
2731 417 2859 484 209

498 584 721 665 thue
794 585 1267 651 recreationem
1339 585 1667 667 sentiunt,
1739 585 1842 651 ita
1906 584 2179 666 reliquis
2252 604 2507 666 quoque
2577 587 2862 653 motibus

386 714 390 717 ⁴
495 687 837 752 stellarum
883 687 1142 752 animae
1186 691 1553 770 patescunt,
1598 687 1834 768 quibus
1877 686 1948 752 in
1995 688 2440 754 describendis
2485 687 2660 772 largi
2704 694 2863 755 sunt

496 790 930 855 Romanorum
976 795 1232 871 poetae.
1318 789 1598 873 Singula
1644 808 2029 856 enumerare
2073 790 2295 856 liceat.

668 891 964 957 Calorem
1008 891 1309 958 sentiunt
1366 892 1605 958 stellae
1651 896 1727 957 ut
1784 892 2080 958 homines
2139 891 2336 977 (Stat.
2382 894 2584 959 Theb.
2628 894 2690 959 V
2733 894 2864 959 459

500 1001 685 1058 exuta
725 994 871 1075 yela
917 999 1223 1074 tepescunt
1251 994 1461 1059 sidera
1491 995 1691 1079 lonyis
1719 994 1965 1078 solibus,
2005 994 2237 1061 Avien.
2268 995 2340 1060 II
2381 996 2547 1061 1818
2590 996 2865 1076 impulsa

498 1097 699 1161 calore
736 1097 746 1180 Ι
784 1098 1102 1161 excutiunt
1144 1097 1375 1181 stellas)
1420 1097 1709 1177 itemque
1752 1096 2004 1180 frigore
2046 1101 2382 1163 vexantur
2417 1096 2613 1182 (Stat.
2659 1098 2865 1164 Theb.

495 1200 635 1265 XII
680 1200 804 1265 651
866 1201 1206 1280 tremefecit
1246 1199 1457 1264 sidera
1500 1199 1824 1284 bruma).¹)
1912 1199 2236 1266 Notitiam
2302 1205 2732 1283 cognatorum
2776 1199 2863 1265 si·

498 1304 724 1368 derum
771 1307 959 1368 astra
1001 1303 1266 1384 habent,
1311 1309 1388 1368 nt
1416 1301 1795 1368 Luciferum
1842 1321 2063 1369 omnes
2096 1302 2405 1369 noverint
2434 1302 2631 1387 (Stat.
2662 1303 2864 1368 Theb.

498 1405 596 1470 VI
641 1405 826 1489 218),
883 1410 953 1470 et
1003 1403 1129 1471 tali
1188 1405 1429 1470 notitia
1485 1404 1818 1471 interdum
1877 1404 1947 1470 in
2007 1409 2326 1470 terrorem
2386 1405 2868 1486 compelluntur

499 1507 670 1591 (Seu.
714 1508 906 1573 Herc.
951 1506 1075 1573 fur.
1117 1509 1197 1572 12
1239 1508 1413 1588 ferro
1458 1510 1676 1571 minax
1717 1507 1862 1571 hinc
1903 1513 2165 1572 exterret
2212 1506 2406 1571 Orion
2451 1508 2624 1589 ‹Ze083
2670 1507 2866 1573 Herc,

500 1610 640 1675 Oet.
674 1611 841 1676 1573
886 1630 963 1673 ne
1007 1615 1112 1674 tuo
1166 1609 1338 1673 vultu
1382 1611 1745 1691 tremefacta
1787 1612 1941 1693 [eyes
1979 1614 1987 1689 Ι
2027 1616 2204 1674 astra
2258 1610 2652 1692 conturbent3
2697 1608 2867 1677 Stat.

498 1711 702 1777 Theb.
734 1712 868 1777 VII
901 1714 987 1778 46
1029 1712 1210 1776 dirus
1255 1714 1578 1776 contristat
1628 1712 1840 1775 sidera
1877 1711 2130 1795 fulqor3
2175 1712 2329 1779 vide
2374 1712 2571 1778 etiam
2606 1716 2865 1778 Aetnae

497 1833 692 1880 carm.
735 1834 798 1880 V.
842 1814 927 1880 50
943 1833 1037 1895 sq.
1082 1819 1139 1878 et
1183 1814 1363 1877 miles
1405 1816 1737 1878 metuentia
1780 1817 2126 1878 comminus
2175 1822 2344 1878 astra
2400 1821 2409 1890 1
2455 1820 2750 1898 provocat
2789 1865 2805 1880 .
2849 1866 2864 1881 .

497 1916 606 1982 53:
667 1915 1048 1999 admotisque
1098 1918 1239 1979 terit
1286 1918 1415 1980 iam
1471 1916 1682 1980 sidera
1738 1918 1979 2000 siquis).
2086 1917 2257 1999 Quin
2322 1916 2525 1982 etiam
2581 1935 2866 1983 amorem

500 2018 850 2099 patiuntur
896 2019 1261 2099 (Claudian.
1304 2019 1372 2083 X
1416 2020 1497 2085 75
1542 2019 1646 2082 ille
1691 2018 1803 2102 (sc.
1848 2018 2051 2104 amor)
2095 2020 2243 2083 deos·
2284 2018 2642 2103 caelumque
2684 2025 2741 2083 et
2779 2021 2865 2083 si-

500 2121 654 2184 dera
698 2141 896 2184 cornu
934 2122 942 2203 1
983 2121 1374 2206 temperat).²)
1464 2121 1711 2205 Quodsi
1755 2121 1824 2186 in
1871 2129 2118 2188 terram
2157 2122 2599 2204 despicientes
2629 2141 2869 2188 novum

499 2224 753 2304 aliquid
786 2228 988 2304 atque
1018 2223 1392 2290 inauditum
1414 2226 1975 2307 animadvertunt,
2005 2225 2482 2305 obstupescunt
2507 2224 2870 2304 (Claudian.

499 2346 693 2392 carm.
738 2327 891 2392 min.
935 2327 1207 2393 XXVII
1251 2328 1388 2394 60:·
1419 2329 1760 2411 piyrosque
1795 2328 1987 2411 polus
2030 2348 2154 2391 non
2198 2329 2462 2391 concitat
2500 2347 2647 2391 axes
2707 2327 2768 2393 h.
2809 2345 2867 2393 e.

496 2430 1043 2514 septemtriones).
1130 2430 1304 2513 Quin
1351 2430 1551 2496 etiam
1602 2450 1686 2496 ne
1743 2430 2037 2496 facinora
2084 2430 2232 2496 dira
2275 2429 2569 2513 videant,
2612 2428 2866 2495 lumina

497 2536 736 2615 tegunt
779 2538 848 2599 et
892 2533 1175 2600 humano
1232 2550 1410 2599 more
1465 2532 1700 2601 faciem
1746 2535 2161 2601 abscondunt
2205 2539 2380 2600 teste
2425 2532 2660 2600 Ovidio
2705 2532 2863 2598 Met.

497 2636 565 2700 X
599 2638 727 2701 448
748 2655 915 2716 sqq.:

810 2756 896 2819 ad
942 2754 1199 2820 facinus
1244 2754 1433 2820 venit
1476 2754 1597 2820 illa
1639 2773 1846 2821 suum.
1890 2754 2069 2837 fugit
2113 2773 2315 2820 aurea
2374 2756 2555 2820 caelo

803 2856 982 2934 luna,
1029 2861 1264 2938 tegunt
1307 2857 1544 2940 nigrae
1586 2856 1933 2922 latitantia
1978 2856 2200 2922 sidera
2243 2858 2472 2939 nubeS,

806 2978 936 3024 nox
980 2964 1167 3025 caret
1211 2958 1367 3043 igne
1410 2978 1542 3025 su0.
1586 2959 1840 3041 primus
1886 2958 2079 3042 tegiS,
2122 2960 2331 3043 Icare‚
2376 2960 2620 3025 vultus,

390 3094 391 3097 ’
501 3077 830 3159 Imprimis
876 3085 1095 3145 autem
1140 3080 1427 3162 horrent,
1472 3079 1528 3145 si
1573 3099 1734 3145 casu
1779 3079 2000 3160 aliquo
2046 3081 2327 3145 mundus
2362 3082 2555 3159 patet
2599 3082 2670 3143 et
2714 3095 2863 3143 con·

500 3180 872 3260 spiciuntur
915 3181 1272 3248 inferorum
1317 3189 1574 3248 secreta
1620 3182 1814 3267 (Stat.
1861 3182 2061 3248 Theb.
2108 3182 2242 3247 VII
2272 3183 2399 3248 816
2416 3183 2557 3266 sq).

681 3370 718 3438 ι)
756 3370 921 3424 Aliud
958 3375 1059 3437 est,
1097 3369 1144 3424 si
1179 3369 1484 3424 Martianus
1520 3370 1743 3438 Capella
1764 3370 1824 3423 ΙΙ
1850 3369 1949 3422 116
1986 3368 2130 3437 (vide
2154 3367 2321 3423 etiam
2345 3368 2427 3423 VI
2449 3368 2572 3435 584)
2607 3368 2675 3421 de
2710 3372 2865 3424 veste

499 3457 670 3524 (roseo
706 3457 795 3511 vel
819 3455 1083 3523 astrifero
1110 3454 1295 3524 peplo)
1320 3455 1602 3509 stellarum
1627 3455 1792 3510 canit.
1842 3455 1992 3509 Haec
2025 3470 2133 3508 non
2156 3454 2221 3509 ob
2258 3453 2437 3522 frigus
2468 3453 2732 3521 induitur,
2768 3451 2863 3507 sed

497 3543 894 3610 pulcherrimus
929 3549 1088 3610 tapes
1112 3538 1193 3594 ‘ab
1230 3541 1444 3595 Aurora
1481 3540 1751 3595 sideribus
1786 3540 2071 3594 sternitur.
2141 3539 2436 3594 Stellarum
2473 3545 2654 3594 vestes
2691 3555 2725 3592 a
2759 3538 2865 3593 Ro-

499 3628 672 3683 manis
708 3643 975 3695 nusquam
1028 3626 1342 3694 laudantur,
1385 3626 1604 3695 saepius
1640 3642 1769 3681 vero
1806 3625 1935 3680 solis
1966 3624 2141 3680 vestis
2175 3640 2453 3694 purpurea
2487 3624 2662 3693 (velut
2706 3623 2864 3680 Ovid.

499 3711 627 3766 Met.
663 3713 722 3766 II
755 3713 859 3781 23).
929 3713 1325 3767 Germanorum
1373 3718 1459 3766 est
1504 3711 1681 3766 stellis
1729 3711 2062 3766 vestimenta
2109 3710 2436 3779 attribuere,
2492 3726 2543 3763 v.
2581 3709 2866 3764 Hebelii

501 3795 622 3850 Der
655 3796 1010 3865 Abendstern,
1045 3798 1141 3852 ubi
1176 3801 1546 3852 memorantur
1582 3797 1778 3850 Sterne
1813 3796 1893 3849 im
1930 3795 2362 3864 Strahleywand.

676 3881 718 3949 ²)
755 3881 963 3936 Iterum
994 3883 1248 3937 lectorem
1272 3883 1491 3937 reiciam
1519 3882 1587 3936 ad
1613 3882 2005 3938 Germanorum
2042 3896 2260 3935 carmen
2284 3881 2409 3934 adn.
2435 3881 2464 3932 1
2489 3885 2867 3950 memoratum,

502 3982 610 4033 quo
645 3966 789 4020 idem
825 3967 1052 4021 affectus
1089 3968 1263 4022 stellis
1299 3968 1576 4022 tribuitur.
1648 3968 1788 4022 Nam
1823 3968 1909 4021 his
1933 3967 2111 4022 verbis
2149 3967 2473 4036 declaratur,
2511 3967 2650 4033 quod
2674 3965 2869 4020 lucifer

502 4053 651 4106 solus
675 4051 896 4119 reliquis
922 4053 1086 4107 astris
1110 4054 1177 4107 de
1201 4055 1346 4107 caelo
1369 4053 1714 4123 fugientibus
1738 4059 2046 4108 remaneat:
2083 4051 2171 4105 Er
2194 4051 2432 4105 wandelt
2466 4051 2632 4105 imme
2657 4049 2867 4105 Sternit·

502 4154 589 4206 no,
636 4137 725 4192 Er
759 4138 861 4191 elta
907 4137 1085 4191 schicr
1126 4155 1231 4207 yar
1276 4139 1366 4192 nit
1399 4154 1631 4193 vonnem
1666 4138 1718 4192 lo
1729 4156 1749 4203 ,·
1794 4138 1955 4193 Doch
1995 4137 2171 4191 meint
2215 4137 2267 4191 si
2303 4138 2558 4205 Muetter,
2608 4139 2649 4190 ἐ
2683 4140 2868 4189 mitens

500 4223 592 4277 m‘t
635 4223 686 4278 si
747 4222 871 4278 Una
919 4223 1072 4277 thuet
1117 4240 1186 4276 en
1231 4223 1333 4277 wie
1382 4241 1451 4278 ne
1496 4224 1709 4278 Haenli
1753 4224 1793 4279 i.
1889 4225 2073 4291 Atque
2120 4223 2298 4278 tristis
2356 4228 2586 4276 matrem
2644 4220 2868 4290 fugiens

499 4310 717 4378 cogitur
739 4315 979 4363 amatam
1006 4309 1223 4364 stellam
1247 4309 1306 4364 in
1331 4310 1476 4364 caelo
1501 4310 1835 4377 relinquere:
1873 4309 1959 4363 Er
1983 4309 2140 4375 riieft
2172 4308 2298 4362 si'm
2320 4305 2527 4361 Stet-nli
2542 4322 2558 4358 .·
2590 4304 2777 4358 Rhaet
2807 4302 2866 4359 aa·

506 4394 676 4449 Gott!
738 4394 824 4449 Es
858 4394 989 4465 isch,
1026 4411 1091 4448 aa
1125 4412 1283 4449 wenn
1318 4412 1377 4449 or
1410 4395 1585 4449 uter-be
1619 4396 1767 4449 wott.
