3576 5085
693 424 819 488 166
1604 421 1908 475 Guilelmus
1946 421 2159 475 Gundel
2949 419 3061 508 [74

692 593 951 675 graecis
996 598 1225 673 postea
1271 597 1468 657 aucta
1514 596 1616 657 est
1662 591 1906 657 additis
1952 591 2267 673 proximis
2300 592 2513 658 stellis
2558 593 3059 678 obscurioribuS,

692 696 796 760 ita
832 699 909 760 ut
952 694 1168 777 imago
1216 694 1501 774 quinque
1534 699 1602 759 et
1633 694 1878 776 viginti
1910 694 2249 759 stellarum
2299 698 2633 761 evaderet.
2720 696 2863 762 Hoc
2894 716 3067 763 com-

693 798 982 879 perimus
1015 816 1094 862 ex
1125 796 1390 879 Hygino
1416 801 1570 861 astr.
1595 796 1665 861 II
1696 798 1734 861 2
1759 816 1820 878 p.
1844 796 2028 862 3213:
2068 804 2279 880 postea
2308 800 2472 860 enim
2503 798 2574 861 de
2603 805 2825 879 septem
2854 799 3062 882 stelliS,

694 905 762 963 ut
807 899 1255 963 Parmeniscus
1299 901 1407 982 ait,
1456 900 1726 982 quinque
1784 907 1840 961 et
1882 901 2104 982 viqiuti
2146 905 2293 963 suut
2335 921 2376 962 a
2436 900 2806 982 quibusdam
2866 906 3066 964 astro-

695 1003 846 1086 loqis
888 1003 1261 1084 constitutae,
1307 1007 1377 1065 ut
1420 1021 1609 1065 ursae
1651 1003 1894 1081 specie3‚
1957 1022 2082 1064 uon
2125 1007 2346 1082 septem
2392 1003 2602 1085 stelliS,
2645 1001 3064 1085 perficeretur.

694 1106 878 1187 Quae
937 1105 1174 1170 stellae
1228 1106 1539 1186 quomodo
1600 1104 1961 1170 collocatae
2019 1103 2300 1187 fuerint,
2364 1105 2578 1171 fusius
2641 1108 2831 1171 docet
2889 1107 3060 1173 idem

693 1207 998 1292 Hyginus
1076 1212 1233 1273 astr.
1307 1208 1413 1271 111
1478 1209 1512 1271 1
1575 1226 1633 1287 p.
1694 1209 1774 1272 81
1809 1207 1882 1271 B.
2015 1207 2456 1273 Artificiosam
2536 1208 2706 1273 hanc
2779 1208 3061 1291 figuram

693 1310 1128 1390 posteriorum
1173 1315 1603 1376 commentum
1651 1328 1796 1374 esse
1838 1309 2038 1375 etiam
2080 1310 2499 1392 Hipparchus
2531 1309 2614 1395 (p.
2646 1313 2754 1394 46,
2786 1314 2825 1377 8
2856 1311 3064 1397 Man.)

696 1414 1120 1494 demonstrat,
1166 1413 1279 1492 qui
1324 1417 1573 1492 septem
1620 1416 1883 1477 tantum
1928 1414 2155 1478 stellas
2199 1412 2478 1478 noverit.

867 1515 1001 1580 Ubi
1047 1516 1209 1580 haec
1241 1515 1639 1580 Graecorum
1672 1515 1976 1580 doctrina
2022 1517 2101 1579 de
2147 1534 2320 1597 ursa,
2363 1515 2750 1596 praesertim
2792 1517 2875 1580 de
2905 1534 3066 1581 ursa

694 1616 942 1700 viginti
988 1617 1275 1698 quinque
1320 1617 1534 1683 stellis
1581 1617 1958 1698 composita,
2004 1618 2182 1683 inter
2224 1618 2660 1684 Romanorum
2723 1618 3063 1699 opiniones

694 1725 965 1801 recepta
1009 1725 1128 1802 est,
1173 1720 1337 1785 miro
1381 1722 1567 1786 modo
1611 1720 1785 1785 hanc
1830 1739 1975 1785 cum
2034 1720 2318 1801 plaustri
2360 1720 2624 1786 notione
2670 1726 3063 1802 componunt

696 1823 814 1905 ita,
851 1828 928 1888 ut
972 1823 1340 1904 plaustrum
1387 1827 1639 1905 septem
1693 1822 2103 1888 flammarum
2150 1841 2304 1904 pars
2373 1822 2465 1888 sit
2523 1841 2719 1888 ursae
2779 1822 3063 1904 plurium

699 1930 1061 2008 astrorum,
1120 1943 1245 2005 quo
1306 1924 1525 2007 fiebat,
1585 1930 1660 1990 ut
1721 1925 2139 1990 coniunctum
2201 1932 2270 1991 et
2325 1924 2657 1991 confusum
2713 1930 3066 2007 utrumque

697 2028 1088 2095 vocabulum
1119 2031 1341 2108 posset
1370 2028 1539 2108 poni.
1628 2027 1738 2092 Sic
1768 2027 2023 2093 Statius
2060 2028 2264 2093 Theb.
2287 2027 2395 2093 III
2426 2030 2551 2093 684
2582 2028 2716 2091 sola
2748 2030 3068 2108 superstite

694 2131 980 2213 plaustro
1023 2130 1249 2194 Arctos
1278 2130 1471 2210 dicit;
1517 2129 1759 2194 similia
1802 2131 2116 2213 leguntur
2160 2131 2334 2197 Man.
2365 2132 2400 2196 I
2430 2132 2557 2196 619
2602 2130 2828 2215 (Ursae
2873 2151 3063 2215 quam

697 2238 920 2314 septem
962 2233 1169 2295 stellae
1213 2283 1227 2297 .
1273 2284 1287 2298 .
1325 2232 1725 2315 producunt),
1773 2233 1920 2298 Sen.
1967 2233 2161 2298 Herc.
2207 2232 2350 2299 Oet.
2393 2234 2561 2305 1523
2609 2233 2743 2316 (sub
2779 2235 3067 2314 plaustro

700 2334 930 2419 ursae),
961 2334 1204 2399 Lucan.
1235 2335 1331 2399 IV
1362 2335 1488 2400 523
1526 2333 1787 2417 (temone
1818 2334 2043 2418 ursae),
2089 2336 2325 2402 Avien.
2355 2335 2426 2401 ΙΙ
2458 2336 2626 2402 1230
2656 2336 2973 2420 (plaustra
3004 2388 3018 2402 .
3049 2387 3065 2401 .

698 2436 1046 2518 [lycaoniae
1077 2438 1313 2519 ursae),
1348 2436 1681 2502 Claudian.
1706 2437 1741 2501 Ι
1764 2439 1848 2502 26
1880 2438 2185 2520 (plaustro
2214 2439 2565 2502 intermicat
2594 2440 2838 2524 arctos),
2869 2458 3065 2505 carm.

699 2541 853 2607 min.
901 2540 1072 2606 LIII
1118 2542 1197 2606 11
1241 2540 1470 2625 (arctos
1511 2539 1938 2625 inocciduique
1982 2542 2256 2626 triones).

872 2643 1071 2710 Vario
1147 2649 1364 2709 autem
1434 2645 1620 2709 modo
1693 2645 2187 2710 exornabantur
2259 2647 2340 2710 de
2416 2650 2666 2725 septem
2741 2644 3068 2711 trionibus

701 2746 1092 2830 sententiae,
1136 2752 1482 2828 postquam
1528 2746 1928 2813 Graecorum
1969 2747 2235 2813 fabulae
2298 2766 2339 2811 a
2381 2747 2696 2813 Romanis
2757 2747 3066 2813 adhiberi

703 2854 1089 2931 coeperunt3
1136 2854 1211 2914 ut
1256 2849 1502 2915 Avieni
1549 2851 1773 2916 verbis
1819 2854 1973 2916 utar
2011 2850 2081 2914 II
2127 2850 2282 2915 103:

1011 2971 1168 3019 voce
1213 2951 1390 3018 feras
1436 2970 1754 3033 ursasque
1803 2958 1871 3017 et
1915 2953 2216 3033 plaustra
2258 2971 2493 3019 vocare
2534 2952 2833 3035 solemuS,

1008 3053 1309 3121 fabula
1353 3072 1631 3135 namque
1677 3057 1973 3138 ursa<s>,
2027 3054 2278 3137 species
2324 3057 2442 3119 dat
2485 3054 2787 3136 plaustra
2831 3052 3065 3122 videri.

875 3156 1133 3222 Talium
1179 3157 1632 3223 narrationum
1669 3157 1886 3223 minus
1917 3158 2259 3241 vulgarem
2303 3156 2518 3223 tradit
2548 3157 2857 3240 Hyginus
2904 3161 3063 3222 astr.

703 3260 774 3325 II
804 3261 843 3325 2
875 3280 933 3341 p.
966 3259 1153 3325 3213:
1198 3259 1491 3342 geminos
1538 3260 1786 3326 triones
1834 3262 2156 3342 quondam
2201 3261 2521 3343 nymphas
2551 3259 2755 3325 fuisse
2785 3260 3068 3325 Helicen

703 3366 773 3429 et
817 3363 1218 3445 Cynosuram
1264 3364 1651 3445 appellatas,
1697 3382 1867 3444 quae
1913 3365 2083 3444 quod
2113 3363 2333 3432 Iovem
2367 3362 2690 3429 aluissent
2720 3381 2838 3443 pro
2869 3365 3065 3429 bene-

702 3464 848 3530 ficio
893 3464 1069 3530 inter
1113 3465 1344 3531 stellas
1389 3470 1609 3531 essent
1654 3470 1979 3548 receptae.
2081 3466 2224 3531 Has
2270 3465 2589 3547 nymphas
2650 3465 2858 3531 vitam
2919 3483 3070 3530 cae-

702 3569 935 3633 lestem
994 3566 1087 3633 ibi
1148 3575 1423 3649 agentes
1482 3567 1675 3632 finxit
1749 3567 2024 3635 Ovidius
2084 3568 2270 3633 Fast.
2330 3568 2427 3634 IV
2487 3568 2645 3650 577,
2705 3567 2821 3632 ubi
2867 3566 3069 3633 Ceres

702 3675 951 3752 septem
996 3669 1246 3736 triones
1294 3669 1681 3751 alloquitur:

909 3773 1347 3839 Parrhasides
1393 3773 1646 3855 stellae,
1689 3791 1968 3854 namque
2015 3772 2232 3838 omnia
2274 3791 2465 3838 nosse
2510 3771 2808 3855 potestis,

1013 3895 1372 3957 aequoreas
1416 3895 1771 3964 numquam
1817 3895 1962 3942 cum
2008 3874 2305 3942 subeatis
2350 3875 2632 3960 aquas.¹)

877 3978 999 4044 Cui
1059 3979 1403 4060 quaerenti
1464 3978 1661 4044 etiam
1723 3996 2104 4059 responsum
2172 3979 2288 4043 dat
2345 3977 2575 4044 Helice
2634 3995 2695 4043 v.
2748 3977 2876 4044 580
2900 3995 3068 4058 sqq.:

706 4099 786 4146 en
833 4082 1037 4147 habes
1081 4081 1451 4163 opinionem
1497 4082 1679 4146 illam
1726 4080 1948 4146 sidera
1992 4085 2346 4147 terrestres
2377 4099 2598 4146 omnes
2631 4098 2737 4146 res
2766 4079 3069 4163 lustrare,

704 4232 885 4301 capite
920 4239 977 4288 et
1012 4233 1146 4289 collo
1182 4234 1343 4303 paulo
1379 4233 1623 4303 longiore
1658 4248 1819 4287 ursae
1852 4233 2158 4289 habuerint.
2242 4233 2395 4301 Quod
2442 4233 2488 4288 si
2524 4233 2850 4301 conceditur,
2904 4232 3072 4301 gregi

702 4319 985 4375 imminere
1022 4319 1328 4389 videbatur,
1377 4336 1540 4388 quam
1576 4319 1845 4374 Arcturus
1894 4320 1961 4373 ab
1997 4335 2126 4374 ursa
2161 4320 2528 4388 custodiebat,
2581 4335 2633 4373 v.
2683 4335 2848 4387 supra
2893 4334 2946 4385 p.
2982 4317 3069 4374 55.

880 4405 920 4474 ¹)
956 4405 1039 4459 De
1074 4405 1341 4460 trionibus
1377 4404 1644 4472 α’,ιιμόροις
1679 4402 1921 4474 λοέτρων
1955 4403 2223 4457 Ὠκεάνοιο
2260 4404 2386 4460 Vide
2421 4404 2564 4459 infra
2599 4420 2650 4472 p.
2690 4402 2848 4471 788q.
