3576 5085
673 426 801 491 218
1567 423 1874 478 Guilelmus
1909 424 2125 478 Gundel
2561 425 2564 426 ⁷
2883 424 3045 513 [126

674 614 818 662 esse
877 594 1359 678 intellegimus,
1417 597 1642 659 tamen
1699 593 2149 676 cognoscimus
2216 613 2297 660 ex
2349 594 2455 660 his
2517 594 2884 662 enuntiat-is
2928 616 3041 662 ru-

673 697 1006 763 dissimam
1049 697 1231 762 illam
1277 696 1646 777 opinionem
1691 697 1965 764 cottidie
2008 716 2245 763 novum
2290 698 2489 763 solem
2534 717 2770 765 novam
2813 700 3039 765 lunam

671 819 880 868 novas
924 800 1155 866 stellas
1199 800 1446 867 exoriri
1505 807 1573 866 et
1635 819 2056 883 evanescere,
2115 800 2220 865 cui
2280 801 2668 882 cogitationi
2726 800 3040 883 permulti

671 903 800 969 feri
846 908 1045 984 atque
1088 905 1285 969 rudes
1341 902 1564 986 populi
1622 903 1930 987 favent.1)
2032 905 2253 982 Atque
2297 904 2624 969 Romanos
2683 904 2821 969 tale
2879 904 3041 986 quid

673 1007 825 1072 olim
884 1026 1122 1073 revera
1180 1006 1464 1072 sensisse
1509 1005 1799 1072 fortasse
1857 1025 1895 1072 e
1951 1005 2261 1086 loquendi
2305 1025 2431 1072 usu
2489 1006 2700 1071 stellae
2739 1008 3040 1071 oriuntur

598 1192 602 1196 ‚
674 1110 758 1194 (h.
804 1129 856 1175 e.
922 1111 1313 1193 gignuntur)
1376 1110 1761 1176 concludere
1819 1108 2047 1190 possis.
2147 1110 2517 1175 Iuvabatur
2581 1115 2816 1191 postea
2872 1110 3040 1177 haec

673 1214 955 1294 simplex
997 1212 1288 1294 opinatio
1333 1211 1657 1277 similibus
1702 1212 2101 1278 Graecorum
2149 1211 2482 1292 (1061111118,
2528 1231 2689 1293 quas
2733 1211 3041 1294 inprimis

576 1309 580 1315 ’
672 1315 1023 1382 Lucretius
1068 1322 1335 1380 secutus
1379 1321 1484 1380 est
1529 1317 1766 1380 docens
1814 1317 1895 1380 de
1940 1319 2076 1379 nat.
2119 1333 2246 1379 rer.
2292 1314 2351 1379 V
2395 1315 2518 1380 301
2539 1335 2690 1396 sqq:

980 1435 1075 1500 sic
1119 1435 1331 1518 igitur
1374 1435 1575 1500 solem
1618 1435 1840 1500 lunam
1886 1436 2246 1516 stellasque
2291 1437 2655 1516 putandum
2696 1442 2801 1502 est

982 1557 1067 1602 ex
1110 1536 1239 1603 alio
1282 1541 1484 1618 atque
1529 1537 1658 1602 alio
1705 1538 1916 1603 lucem
1960 1538 2213 1603 iactare
2260 1540 2536 1604 subortu

981 1646 1051 1706 et
1094 1639 1374 1722 primum
1419 1637 1732 1721 quicquid
1776 1640 2188 1706 flammarum
2232 1643 2506 1721 'perdere
2550 1660 2839 1724 semper3

976 1742 1391 1810 inviolabilia
1434 1744 1599 1808 haec
1643 1762 1730 1809 ne
1775 1745 2008 1809 credas
2053 1743 2224 1808 forte
2264 1743 2517 1825 vigere.

844 1881 984 1947 Alii
1035 1900 1192 1948 vero
1238 1883 1644 1947 contendunt
1688 1899 1817 1946 non
1862 1881 1932 1945 in
1976 1880 2118 1946 dies
2178 1881 2394 1963 perire
2439 1881 2654 1947 omnia
2712 1882 2880 1948 caeli
2935 1883 3033 1949 lu-

670 1984 850 2050 mina
893 2002 1193 2064 novaque
1239 1983 1570 2066 effulgere,
1617 1986 1733 2049 sed
1774 1990 2027 2047 aeterna
2074 1990 2250 2047 astra
2294 1983 2465 2064 (Seu.
2498 1986 2696 2051 Herc.
2727 1983 2852 2051 fur.
2882 1986 3036 2071 928)

674 2086 1012 2153 affirmant
1070 2105 1340 2167 quorum
1383 2085 1726 2151 interitum
1779 2088 1865 2151 ad
1921 2086 2094 2152 diem
2152 2105 2342 2167 quem
2387 2087 2617 2153 dicunt
2660 2105 3034 2168 supremum

672 2190 972 2255 referunt
1042 2207 1165 2270 quo
1224 2188 1440 2253 omnia
1516 2190 1596 2254 de
1663 2190 1847 2254 caelo
1923 2208 2157 2255 casura
2221 2195 2462 2254 essent.
2577 2191 2800 2270 Atque
2870 2190 3036 2255 haec

674 2291 1193 2358 Christianorum
1238 2290 1536 2355 doctrina
1579 2291 1745 2356 satis
1791 2295 1951 2357 nota
1979 2297 2130 2357 orta
2160 2296 2263 2357 est
2294 2310 2376 2357 ex
2405 2310 2637 2358 sacrae
2668 2292 3034 2373 scripturae

672 2393 912 2474 verbis,
958 2411 1126 2473 quae
1171 2393 1485 2474 leguntur
1526 2393 1648 2458 Ev.
1694 2394 1934 2458 Matth.
1979 2396 2080 2476 24,
2125 2395 2239 2459 29:
2292 2392 2566 2470 Εὐθέως
2612 2392 2683 2457 δὲ
2724 2394 2887 2476 μετὰ
2926 2393 3037 2479 τὴν

670 2495 914 2578 θλίψιν
942 2505 1067 2557 τῶν
1094 2492 1338 2580 ἡμερῶν
1367 2491 1625 2558 ἐκείνων
1656 2493 1692 2559 ὁ
1728 2494 1907 2581 ἥλιος
1953 2496 2446 2582 σκοτισθήσεται
2488 2495 2601 2560 καὶ
2636 2495 2674 2580 ἡ
2706 2497 2924 2584 σελήνη
2955 2496 3031 2562 οὐ

673 2598 864 2662 δώσει
906 2596 978 2660 τὸ
1010 2601 1250 2682 φέγγος
1279 2596 1486 2682 αὐτῆς,
1534 2598 1645 2661 καὶ
1676 2595 1739 2661 οἱ
1770 2598 2028 2681 ἀστέρες
2057 2610 2403 2663 πεσοῦνται
2441 2598 2573 2663 ἀπὸ
2602 2611 2717 2665 τοῦ
2761 2601 3033 2687 οὐρανοῦ

671 2700 782 2765 καὶ
819 2699 889 2764 αἱ
934 2699 1233 2782 δυνάμεις
1270 2712 1393 2763 τῶν
1430 2699 1711 2785 οὐρανῶν
1755 2701 2279 2789 σαλευθήσονται.
2369 2703 2557 2786 Quae
2601 2704 2686 2770 ab
2732 2704 3030 2771 omnibus

670 2803 809 2871 fere
859 2803 1292 2885 scriptoribus
1334 2802 1729 2870 Christianis
1773 2823 1983 2886 aeque
2027 2805 2522 2890 recipiuntur.²)

842 2907 1071 2986 Neque
1116 2906 1390 2972 alterius
1430 2907 1803 2972 sententiae
1857 2909 2097 2973 desunt
2154 2908 2546 2991 testimonia,
2608 2928 2739 2990 qua
2796 2909 3034 2975 8161166

673 3009 780 3075 die
822 3015 1160 3091 premente
1205 3011 1285 3073 de
1330 3010 1509 3074 caelo
1552 3011 1879 3075 decedunt
1920 3015 2122 3091 atque
2164 3011 2234 3077 in
2278 3011 2610 3095 refugium
2654 3031 2840 3078 81111111
2885 3031 3032 3094 pro-

671 3117 928 3194 perant,
970 3131 1031 3178 v.
1075 3129 1241 3191 quae
1287 3130 1487 3192 supra
1520 3113 1600 3177 de
1645 3113 1921 3193 hespero
1965 3133 2116 3196 pag.
2148 3115 2231 3179 29
2277 3115 2576 3180 diximus.
2665 3116 2886 3196 Atque
2931 3115 3030 3181 eis

670 3214 1060 3297 hominibuS,
1119 3214 1359 3293 quibus
1418 3214 1582 3279 haec
1626 3213 1790 3280 fides
1835 3221 1967 3298 est,
2021 3216 2256 3281 stellae
2315 3222 2587 3283 manent
2644 3236 2902 3299 semper
2958 3222 3035 3283 ut

671 3321 842 3399 sunt,
875 3317 1096 3381 eadem
1132 3315 1584 3399 magnitudine
1612 3322 1814 3398 atque
1840 3317 2334 3399 pulchritudine
2363 3319 2725 3403 praeditae,
2770 3322 3036 3384 minima

672 3439 799 3482 non
843 3421 1072 3500 crescit,
1117 3421 1316 3482 maior
1360 3439 1467 3482 nec
1510 3440 1651 3483 aevo
1688 3423 1945 3484 senescit
1990 3422 2260 3506 (anthol.
2306 3422 2422 3487 lat.
2451 3422 2487 3486 Ι
2516 3442 2668 3505 pag.
2699 3423 2826 3489 370
2857 3442 2917 3489 v.
2949 3424 3032 3508 2).

671 3522 866 3586 Hunc
921 3520 990 3584 in
1050 3539 1312 3585 sensum
1364 3520 1674 3587 dicuntur
1725 3525 1961 3586 aeterni
2017 3526 2192 3604 iynes
2250 3524 2336 3608 (V
2336 3545 2471 3607 erg.
2529 3526 2692 3592 Aen.
2748 3527 2820 3592 II
2864 3525 3032 3611 155).

672 3622 768 3687 At
809 3626 1076 3702 praeter
1119 3623 1450 3688 Oceanum
1473 3626 1522 3705 ³)
1565 3628 1635 3688 et
1671 3628 1920 3690 terram
1965 3625 2190 3708 ipsam,
2237 3646 2432 3707 quam
2477 3627 2772 3693 interdiu
2828 3629 3034 3694 homi-

848 3793 887 3859 1)
923 3793 988 3848 V.
1026 3792 1417 3848 Frobenius
1465 3793 1968 3865 Wcltamchauuny
2004 3794 2100 3848 der
2134 3795 2504 3850 Naturviilker
2538 3814 2666 3867 pag.
2696 3797 2827 3868 2843
2864 3815 3033 3867 supra

670 3894 798 3947 pag·
834 3877 1272 4031 2²²)5·Augustinus
1306 3963 1586 4018 contendit
1620 3965 1709 4019 vel
1738 3964 2001 4032 Sibyllam
2037 3966 2136 4019 hoc
2172 3971 2442 4021 astrorum
2466 3966 2645 4022 fatum
2679 3967 3030 4037 praedixisse,

672 4047 825 4102 cuius
883 4046 1110 4101 carmini
1161 4052 1308 4102 recte
1374 4049 1614 4116 exposito
1680 4050 1825 4103 hunc
1873 4066 2083 4118 quoque
2140 4067 2359 4106 versum
2411 4051 2613 4107 tribuit
2658 4052 2746 4122 (de
2793 4053 2895 4108 civ.
2944 4053 3032 4108 dei

672 4133 866 4189 XVIII
900 4132 1016 4200 23):

1082 4217 1314 4285 eripitur
1348 4218 1475 4272 solis
1510 4218 1670 4272 iubar
1707 4224 1765 4274 et
1800 4221 1993 4274 chorus
2027 4220 2221 4277 interit
2255 4223 2439 4278 681118.

848 4318 889 4389 ¹)
925 4320 1136 4374 Natant
1169 4319 1226 4374 in
1252 4334 1317 4373 eo
1339 4319 1581 4374 interdiu
1604 4321 1970 4391 fluctibusque
1999 4329 2330 4394 recreantur,
2368 4341 2593 4394 vespere
2618 4324 2686 4380 ab
2717 4325 2835 4379 eius
2870 4325 3033 4381 undis

675 4410 929 4474 surgunt,
966 4420 1017 4458 v.
1056 4404 1249 4459 Avien.
1286 4405 1347 4459 II
1368 4405 1487 4459 589.
3031 4430 3034 4433 2

682 4576 763 4629 Ἃ.
