3576 5085
484 415 595 494 41]
932 413 1014 466 De
1051 411 1332 466 stellarum
1371 409 1734 480 appellatione
1770 415 1828 464 et
1862 409 2130 477 religione
2165 409 2413 462 Romana
2730 411 2855 477 133

485 603 664 649 canes
706 583 950 665 quidem
995 587 1113 647 toto
1141 602 1208 645 eo
1248 583 1449 663 spatio
1488 583 1756 645 mascimc
1783 583 1855 644 iu
1898 580 2133 645 rabiem
2162 582 2271 665 αφ’
2311 601 2436 644 uon
2468 587 2556 644 est
2598 582 2856 647 dubium

487 692 555 752 et
587 691 688 753 est
730 686 933 749 rabies
976 705 1202 749 cauum
1242 684 1414 749 Sirio
1443 683 1699 747 ardente
1725 683 1964 747 homini
1998 684 2302 764 pestifera
2345 684 2457 768 (ib.
2489 684 2654 749 VIII
2688 686 2857 769 152),

486 793 555 853 et
598 789 811 855 oritur
854 790 1119 853 morbus
1160 788 1414 850 siriasis
1457 786 1567 870 (ib.
1613 787 1821 852 XXII
1867 787 1951 852 59
1996 787 2121 871 al).

655 891 935 973 Vulgari
981 890 1289 973 opinioni,
1337 908 1532 970 quam
1580 891 1764 955 modo
1812 888 2185 972 statuimuS,
2230 888 2405 954 effici
2442 889 2661 969 omnia
2691 890 2857 957 haec

485 992 661 1060 mala
705 1013 746 1060 a
777 994 1014 1060 stellae
1044 992 1310 1059 numine
1341 993 1679 1073 malevolO,
1726 992 1974 1073 optime
2005 992 2327 1073 convenit,
2376 994 2545 1072 quod
2576 993 2856 1069 Romani

486 1096 810 1163 sacrificio
834 1098 1115 1177 quodam
1144 1095 1470 1177 piaculari
1501 1095 1636 1161 illis
1667 1095 2163 1161 calamitatibus
2201 1094 2449 1161 mederi
2482 1097 2857 1161 studebant

487 1199 709 1265 Testis
784 1204 890 1264 est
950 1199 1192 1264 Festus
1253 1218 1311 1280 p.
1372 1198 1498 1263 285
1527 1199 1626 1280 M,
1688 1197 1873 1263 cuius
1942 1198 2149 1263 verba
2212 1215 2567 1279 apponam:
2627 1198 2859 1261 rutilae

487 1320 682 1385 cauce,
726 1301 797 1365 id
830 1306 917 1364 est
960 1320 1086 1364 nou
1122 1302 1346 1382 procul
1388 1322 1428 1364 a
1466 1301 1655 1363 rubro
1684 1301 1895 1377 colore,
1940 1300 2366 1377 immolantur,
2413 1305 2485 1363 ut
2514 1302 2605 1364 ait
2635 1302 2861 1365 Ateius

493 1403 730 1486 Capita,
763 1406 1019 1467 canario
1045 1404 1349 1484 sacrificio
1378 1424 1498 1484 pro
1541 1403 1839 1485 fruyibus
1869 1402 2291 1485 deprecandae
2338 1405 2624 1467 saevitiae
2666 1423 2860 1468 causa

487 1506 711 1570 sideris
768 1508 1107 1571 caniculae.
1216 1508 1438 1587 Atque
1498 1507 1729 1573 statim
1791 1506 1994 1572 liceat
2050 1508 2376 1572 adnotare
2435 1506 2857 1573 manifestum

489 1612 812 1690 quendam
859 1629 1095 1677 nexum
1142 1611 1483 1693 interesse,
1538 1614 1857 1691 quantum
1906 1613 1991 1676 ad
2039 1610 2336 1692 colorem,
2398 1610 2575 1675 inter
2619 1629 2857 1676 numen

489 1713 596 1779 cui
640 1712 1054 1779 sacrificatur
1101 1718 1169 1779 et
1215 1714 1461 1779 animal
1506 1715 1677 1797 quod
1721 1711 2149 1778 sacrificatur.
2238 1712 2640 1793 Saepissime
2684 1712 2857 1778 6111111

490 1835 531 1880 a
588 1815 927 1882 veteribus
989 1817 1388 1882 describitur
1451 1814 1610 1880 Sirii
1669 1816 1782 1879 lux
1827 1815 2053 1897 rutila,
2114 1834 2175 1880 v.
2222 1834 2274 1879 6.
2332 1813 2527 1876 rubra
2571 1815 2857 1878 canicula

490 1920 669 1998 (Hor.
714 1917 851 1983 Sat.
894 1919 965 1982 II
1010 1919 1069 2001 ὃ,
1113 1918 1240 2001 39),
1285 1917 1603 1980 caniculae
1645 1916 1839 1979 rubor
1883 1917 2055 2000 (8611.
2101 1920 2239 1982 nat.
2290 1921 2543 1998 quaest.
2590 1917 2624 1980 Ι
2674 1918 2728 1997 1,
2776 1918 2859 2000 6),

494 2020 728 2084 multus
769 2020 959 2082 rubor
1001 2018 1206 2083 inbuit
1251 2038 1363 2082 ora
1414 2018 1672 2102 (Avien.
1718 2019 1787 2084 II
1838 2020 1980 2100 727,
2018 2017 2098 2084 cf.
2148 2018 2303 2083 749:
2362 2023 2622 2099 uryetur
2667 2038 2859 2081 cursu

491 2123 674 2186 rutili
701 2122 876 2184 canis
905 2121 1084 2206 al.)¹),
1126 2124 1209 2187 ad
1256 2140 1417 2203 quos
1448 2123 1622 2187 locos
1654 2121 1854 2187 etiam
1884 2140 2131 2184 saevum
2166 2141 2398 2185 aurum
2439 2120 2609 2205 (Val.
2641 2121 2857 2187 Flacc.

492 2226 552 2291 V
596 2225 748 2310 369)
794 2225 1088 2307 proxime
1134 2224 1405 2291 accedit.
1495 2224 1714 2307 Quare
1745 2243 2009 2290 necesse
2056 2230 2158 2290 est
2188 2243 2597 2307 quaeramus,
2642 2243 2858 2291 nonne

486 2328 639 2395 aliis
684 2347 938 2411 quoque
984 2329 1185 2394 rebus
1242 2328 1420 2394 inter
1464 2347 1535 2393 se
1593 2327 1962 2410 iungantur
2022 2328 2231 2393 rutila
2276 2328 2473 2393 stella
2533 2333 2603 2392 et
2652 2327 2858 2393 rutila

485 2431 716 2498 bestia.
804 2432 944 2496 Iam
996 2431 1232 2512 priscis
1292 2432 1694 2513 temporibus
1739 2431 2034 2496 homines
2093 2430 2579 2496 necessitudine
2646 2428 2860 2495 coacti

485 2535 1097 2602 animadverterunt
1129 2554 1325 2601 canes
1350 2535 1682 2600 interdum
1709 2534 1897 2600 rabie
1931 2536 2211 2615 quadam
2237 2533 2582 2616 exagitari.
2629 2534 2857 2615 Neque

487 2644 710 2704 tamen
754 2638 883 2703 iam
929 2644 1089 2719 tum,
1151 2656 1474 2717 quaenam
1542 2637 1754 2703 rabiei
1814 2643 2056 2702 natura
2102 2646 2297 2720 esset,
2355 2641 2858 2720 perspexerunt,

489 2743 606 2806 sed
650 2761 692 2806 a
739 2743 1050 2805 daemone
1098 2742 1398 2820 quodam,
1444 2740 1554 2819 qui
1590 2739 1657 2803 in
1689 2758 1890 2820 aegro
1935 2738 2208 2803 animali
2241 2739 2664 2822 consedisset,
2709 2758 2860 2804 con-

490 2842 684 2906 citari
729 2861 873 2906 eam
917 2842 1321 2926 putabant.²)
1410 2841 1557 2924 Qua
1603 2860 1674 2905 re
1719 2840 1968 2905 factum
2018 2845 2135 2923 est,
2183 2845 2259 2905 ut
2301 2843 2663 2923 posteriore
2704 2861 2856 2922 quo-

493 2962 620 3023 que
667 2962 832 3008 aevo
893 2945 1238 3008 crederent
1301 2945 1650 3009 daemonas
1709 2962 1942 3008 canum
2004 2944 2223 3024 specie
2281 2944 2546 3012 indutos
2605 2944 2859 3024 vagari.

495 3045 694 3111 Cuius
725 3046 1215 3127 superstitionis
1261 3046 1600 3111 luculenta
1646 3047 1951 3127 exempla
1980 3046 2214 3112 attulit
2237 3047 2318 3111 H.
2349 3046 2449 3111 W.
2483 3046 2861 3111 Roscher

491 3148 966 3229 Kynauthropie
981 3148 1050 3212 111
1065 3148 1254 3213 Actis
1267 3147 1622 3214 Societatis
1632 3148 1998 3230 Lipsiensis
2015 3149 2217 3214 XVII
2232 3150 2399 3214 1896
2417 3150 2523 3214 III
2539 3151 2685 3230 p.27
2703 3168 2859 3232 sqq.‚

494 3250 681 3317 cuius
727 3270 923 3315 unum
971 3250 1415 3316 testimonium
1461 3256 1758 3331 repetam
1820 3270 1857 3316 e
1901 3251 2239 3317 notissimo
2283 3251 2676 3318 Philostrati
2722 3254 2861 3319 1666

490 3456 587 3511 der
622 3454 939 3511 irauischen
977 3456 1279 3525 Philoloyie
1316 3457 1392 3525 Π)
1440 3473 1568 3526 pag.
1607 3457 1724 3511 672.
1808 3457 1995 3525 Neque
2049 3458 2270 3512 Graecis
2319 3459 2579 3513 damnosa
2615 3460 2739 3514 Sirii
2775 3461 2859 3516 vis

487 3548 607 3597 erat
644 3541 852 3611 ignota.
924 3543 1042 3596 Iam
1080 3541 1136 3596 in
1172 3542 1350 3596 Iliade
1386 3543 1619 3612 legimus
1657 3544 1824 3596 XXII
1859 3544 2085 3611 30sqq.:

795 3626 1197 3697 Λαμπρότατος
1230 3630 1337 3693 μὲν
1372 3627 1404 3679 ὅ
1438 3626 1488 3696 y'
1514 3629 1642 3686 ἔστί,
1678 3629 1848 3680 κακὸν
1882 3628 1943 3680 δέ
1977 3649 2039 3679 τε
2075 3632 2219 3696 σῆμα
2253 3633 2506 3682 τέτυκται

798 3717 890 3765 καί
921 3734 982 3765 τε
1018 3716 1172 3783 φέρει
1208 3710 1412 3765 πολλὸν
1446 3712 1690 3782 πυρετὸν
1723 3710 1941 3765 δειλοῖσι
1975 3720 2237 3784 βροτοῖσι.

493 3798 621 3852 Alia
655 3799 876 3855 exhibet
911 3800 1067 3853 Alex.
1106 3800 1344 3867 Aphrod.
1381 3799 1562 3853 Probl.
1598 3801 1626 3853 I
1650 3800 1731 3853 76.
1806 3801 1885 3854 Cf.
1924 3801 2230 3855 Holland
2266 3803 2634 3872 Heroenvc'iyel
2668 3802 2731 3855 in
2766 3803 2862 3857 cler

488 3883 854 3953 yriechischen
898 3886 1130 3954 Mythol.
1184 3903 1236 3954 p.
1275 3886 1369 3954 103
1407 3887 1475 3940 H.
1514 3886 1863 3940 Schrader
1901 3886 2133 3939 Si-reneu
2170 3905 2220 3956 p.
2261 3890 2341 3941 15.
2391 3889 2501 3957 16.;
2549 3890 2861 3944 Bouche-

493 3969 830 4040 Leclercq
864 3988 914 4039 p.
953 3972 1020 4025 79
1055 3972 1178 4026 adn.
1219 3973 1265 4027 1.

673 4057 712 4125 1)
748 4057 890 4111 Aliis
924 4057 1053 4112 locis
1088 4058 1334 4113 Avienus
1370 4059 1565 4113 laudat
1599 4058 1777 4112 lucem
1814 4058 1940 4113 Sirii
1977 4058 2236 4113 blandam
2269 4060 2346 4128 (II
2382 4060 2502 4128 740)
2540 4066 2639 4114 aut
2674 4077 2862 4114 caeru-

490 4141 631 4195 leam
665 4143 746 4210 (II
770 4143 938 4210 1376).
977 4145 1118 4198 color
1151 4143 1269 4216 ipse
1306 4144 1492 4198 varius
1509 4145 1852 4216 ‘observatur
1887 4161 1939 4198 v.
1967 4145 2073 4199 Cic.
2111 4161 2278 4213 supra
2312 4162 2361 4213 p.
2383 4146 2478 4213 343
2516 4147 2660 4200 Man.
2686 4148 2714 4200 I
2737 4146 2859 4199 407.

665 4228 707 4297 9)
742 4245 794 4283 v.
832 4244 877 4283 e.
915 4246 968 4299 g.
1008 4231 1078 4283 M.
1115 4230 1364 4285 Hotler
1411 4229 2050 4298 Kraukheitsdc'imonen‚
2091 4231 2251 4283 Arch.
2298 4230 2387 4283 fiir
2434 4231 2551 4285 Rel.
2595 4231 2762 4284 Wiss,
2800 4232 2859 4284 II

493 4314 626 4369 1899
649 4331 701 4384 p.
726 4314 939 4385 86sqq.‚
983 4314 1410 4369 Mediciniscker
1434 4315 1854 4385 Dc'tmonisnzuS‚
1881 4315 2249 4370 Centralblatt
2273 4316 2360 4369 fiir
2385 4315 2813 4383 Anthropologie
2830 4316 2859 4368 I

490 4399 629 4453 1900
663 4401 793 4455 fasc.
835 4401 880 4455 1.
