3576 5085
710 439 836 504 168
1610 436 1915 492 Guilelmus
1949 436 2165 492 Gundel
2965 436 3077 525 [76

711 608 954 690 tioneS,
1007 607 1244 689 quibus
1305 607 1483 673 datis
1546 609 1628 674 de
1687 612 1940 689 septem
2000 606 2328 674 trionibus
2395 625 2757 674 sermonem
2815 606 3076 674 faciunt

709 711 1142 776 Romanorum
1173 715 1493 776 auctores,
1553 710 1714 776 Cum
1745 712 1833 776 ad
1862 711 2127 777 boream
2157 709 2393 776 stellae
2425 709 2598 776 sitae
2636 710 2790 794 sint,
2820 710 3076 792 poetico

710 830 1004 879 sermone
1036 810 1305 894 frigoris
1334 812 1682 895 grandinis
1725 812 1894 878 roris
1928 816 2274 879 ventorum
2320 811 2689 894 algidorum
2723 814 3075 880 donatores

709 914 1201 996 praedicantur.
1278 914 1632 980 Poetarum
1665 913 1841 980 dico:
1886 933 2040 980 nam
2070 913 2129 979 si
2157 912 2329 979 forte
2360 913 2659 980 rudiores
2699 915 2924 997 populi
2953 915 3076 982 hoc

709 1036 827 1100 pro
873 1035 1034 1084 vera
1062 1035 1132 1083 re
1163 1017 1560 1098 habuerunt,
1602 1017 1801 1082 huius
1831 1015 2171 1099 religionis
2201 1018 2377 1099 apud
2405 1018 2730 1083 Romanos
2776 1036 2897 1084 nec
2924 1018 3079 1084 vola

708 1138 830 1187 nec
875 1119 1233 1202 vestigium
1278 1124 1576 1201 apparet,
1635 1137 1781 1185 cum
1826 1119 2061 1185 similis
2108 1118 2603 1202 superstitionis
2650 1122 2731 1186 de
2775 1120 3078 1187 canicula

711 1223 892 1288 culta
935 1220 1374 1288 remanserint
1418 1221 1741 1303 reliquiae
1785 1226 2146 1304 poetarum.
2238 1221 2515 1289 Ovidius
2549 1221 2715 1288 dicit
2746 1241 2859 1289 eas
2889 1241 3077 1305 prae-

710 1324 970 1406 cipuum
1013 1325 1227 1407 frigus
1273 1326 1520 1390 habere
1565 1325 1672 1410 (ex
1712 1326 1902 1390 Pont.
1948 1325 2044 1389 IV
2091 1324 2190 1407 10,
2235 1325 2361 1409 39),
2370 1323 2420 1407 1)
2463 1325 2823 1406 Rhodopen
2867 1325 3078 1392 solida

706 1427 861 1494 nive
905 1428 1263 1494 verberare
1310 1426 1565 1493 Statius
1609 1427 1838 1512 (Theb.
1876 1427 2046 1492 VIII
2087 1427 2269 1511 408);
2315 1427 2669 1508 pruinosae
2713 1427 2886 1493 arcti
2916 1432 3076 1494 sunt

706 1532 882 1611 apud
947 1529 1278 1596 Avienum
1344 1530 1415 1595 H
1473 1529 1632 1612 6933
1701 1531 1871 1594 adde
1938 1529 2312 1612 pruinosum
2365 1529 2546 1595 sidus
2600 1529 2784 1611 Corp.
2851 1529 3078 1612 script.

709 1632 861 1698 eccl.
921 1633 1040 1697 lat.
1085 1633 1190 1697 III
1235 1633 1276 1697 3
1336 1652 1397 1714 p.
1446 1633 1573 1699 315
1631 1651 1689 1699 v.
1754 1632 1897 1698 170.
1997 1631 2070 1698 Si
2137 1630 2474 1698 Martialis
2521 1632 2617 1698 IV
2660 1633 2719 1714 3,
2780 1633 2820 1697 6
2881 1638 3077 1700 vocat

706 1734 984 1800 Helicen
1057 1733 1337 1800 madidis
1398 1734 1628 1817 comiS,
1701 1733 1976 1800 imbrem
2049 1734 2396 1801 hiemalem
2476 1738 2594 1800 aut
2651 1753 2867 1800 rorem
2942 1754 3077 1800 ma-

706 1837 997 1904 tutinum
1069 1836 1421 1920 significat.
1524 1837 1791 1904 Grando
1872 1836 2015 1902 exit
2073 1838 2157 1903 ab
2229 1841 2413 1903 arcto
2482 1836 2655 1904 Stat.
2715 1837 2918 1903 Theb.
2978 1838 3077 1904 VI

706 1941 852 2024 400,
911 1939 1098 2008 venti
1155 1943 1312 2006 sunt
1376 1938 1712 2020 phrenetici
1766 1941 2249 2020 septentrionum
2305 1938 2432 2021 filii
2491 1941 2669 2022 apud
2713 1939 3076 2006 Varronem

706 2043 859 2128 (sat.
888 2043 1059 2109 Men.
1090 2043 1217 2125 frg.
1254 2044 1377 2108 271
1411 2041 1748 2127 Biich.³).²)
1824 2042 1966 2125 Quo
2012 2042 2232 2125 fiebat,
2280 2048 2356 2108 ut
2384 2042 2753 2125 septentrio
2789 2041 2858 2108 in
2889 2042 3076 2112 venti

711 2164 965 2228 quoque
1008 2163 1244 2210 nomen
1288 2146 1584 2210 cederet:
1628 2145 1738 2211 hic
1785 2149 1892 2211 est
1930 2145 2330 2212 Graecorum
2370 2142 2750 2230 ἀπαρκτίας.
2839 2146 3076 2212 Testes

710 2253 867 2314 sunt
896 2248 1218 2329 Apuleius
1264 2248 1345 2312 de
1391 2249 1628 2312 mundo
1658 2247 1800 2312 XII
1845 2252 1915 2313 et
1945 2248 2149 2328 ΧΙΠ;
2196 2247 2277 2314 cf.
2310 2248 2544 2331 Veget.
2574 2247 2673 2314 rei
2704 2248 2835 2314 mil.
2868 2248 2963 2314 IV
2988 2248 3075 2315 38

709 2354 777 2416 et
821 2350 1009 2416 PLM
1053 2350 1115 2416 V
1159 2369 1217 2432 p.
1264 2349 1391 2415 383
1437 2349 1658 2433 (LXX
1702 2369 1762 2418 v.
1807 2350 1906 2434 4):

1014 2452 1275 2518 Primus
1321 2452 1681 2533 Aparctias
1721 2454 1965 2519 Arctoo
2010 2451 2226 2535 spirat
2272 2454 2357 2519 ab
2406 2471 2561 2519 axe:

1016 2555 1167 2622 huic
1211 2560 1440 2622 nostra
1481 2574 1714 2621 nomen
1753 2556 1985 2637 lingua
2028 2561 2129 2622 est
2176 2556 2556 2638 Septentrio
2601 2556 2844 2623 fictum.

878 2658 1019 2743 Quo
1066 2659 1159 2741 fit,
1205 2665 1280 2724 ut
1320 2658 1529 2740 ipsius
1574 2658 1810 2725 hiemis
1853 2658 2182 2741 refugium
2240 2659 2404 2726 fiant
2462 2659 2967 2743 septentriones,
3012 2678 3075 2726 v.

708 2760 912 2828 Statii
935 2760 1095 2829 Silv.
1117 2761 1213 2827 IV
1234 2762 1292 2845 5,
1323 2762 1395 2828 5:
1439 2763 1569 2826 iam
1599 2766 1750 2826 trux
1778 2761 1865 2826 ad
1892 2762 2115 2827 Arctos
2136 2761 2521 2827 Parrhasias
2541 2762 2737 2827 hiems
2764 2763 3074 2828 concessit.

877 2864 1022 2930 Iam
1090 2865 1354 2931 brevem
1424 2870 1842 2946 conspectum
1908 2865 2305 2948 subiungam
2371 2865 2914 2948 gravissimorum
2978 2865 3071 2931 lo-

706 2985 956 3051 corum,
1017 2967 1256 3049 quibus
1315 2967 1629 3049 epithetis
1692 2967 2087 3049 quibusdam
2145 2969 2283 3034 late
2342 2966 2633 3051 viguisse
2699 2968 2869 3034 hanc
2930 2967 3070 3050 opi-

705 3070 963 3137 nionem
1036 3072 1540 3136 demonstratur.
1642 3069 2064 3136 Adhibentur
2129 3070 2430 3152 epitheta
2496 3070 2762 3135 borealis
2825 3069 3072 3155 (arctos

707 3172 942 3240 Avien.
1001 3172 1108 3238 ΠΙ
1166 3174 1351 3257 242),
1407 3171 1610 3236 durus
1667 3172 1915 3258 (arctos
1974 3173 2211 3239 Avien.
2265 3174 2374 3239 III
2431 3174 2557 3239 451
2577 3223 2593 3256 ,
2662 3172 2861 3254 12903
2927 3172 3074 3239 axis

707 3274 889 3357 Calp.
934 3274 1049 3341 ecl.
1095 3274 1227 3340 VII
1268 3275 1353 3358 4),
1394 3275 1642 3359 friyens
1684 3274 1927 3361 (arctos
1973 3276 2149 3343 Man.
2191 3275 2228 3341 I
2273 3276 2443 3362 314),
2495 3276 2783 3357 friyiduc
2826 3279 3072 3360 (arctos

705 3377 894 3443 PLM
925 3377 1020 3442 IV
1066 3397 1126 3460 p.
1159 3380 1239 3443 71
1280 3397 1342 3444 n.
1372 3378 1456 3444 36
1501 3397 1561 3444 v.
1591 3378 1650 3460 5,
1683 3378 1831 3445 axis
1863 3378 2010 3445 Sen.
2039 3379 2235 3445 Herc.
2280 3378 2421 3446 Oet.
2470 3379 2655 3461 1251,
2700 3380 2872 3445 Med.
2904 3378 3075 3462 712),

702 3480 947 3562 yelidus
1005 3480 1277 3564 (triones
1335 3480 1452 3547 Ov.
1496 3480 1657 3546 Met.
1716 3481 1787 3546 H
1836 3483 1978 3565 171,
2037 3480 2376 3547 Claudian.
2420 3480 2588 3548 VIII
2631 3482 2790 3562 4293
2850 3484 3073 3547 arctos

706 3582 824 3649 Ov.
870 3582 1027 3649 Met.
1084 3583 1180 3649 IV
1227 3583 1370 3666 625,
1417 3583 1586 3649 Stat.
1630 3583 1777 3651 silv.
1822 3583 1930 3650 III
1973 3585 2033 3668 5,
2081 3586 2180 3667 19,
2233 3585 2437 3651 Theb.
2480 3584 2578 3651 VI
2620 3584 2768 3667 400,
2824 3582 3072 3650 Lucan.

705 3687 742 3752 I
785 3687 929 3769 252,
986 3687 1130 3754 Val.
1174 3687 1393 3753 Flacc.
1451 3686 1513 3752 V
1576 3687 1717 3771 155,
1768 3688 1866 3754 VI
1911 3690 2068 3771 140,
2126 3687 2302 3754 Man.
2362 3688 2469 3753 III
2526 3687 2686 3768 344;
2746 3686 2891 3753 axis
2952 3686 3073 3753 Ov.

882 3823 920 3892 ¹)
957 3823 1226 3878 Sescentis
1273 3822 1405 3878 locis
1452 3829 1737 3893 praeterea
1797 3829 2006 3893 septem
2053 3823 2248 3879 stellae
2305 3822 2527 3894 frigoris
2574 3839 2740 3878 causa
2794 3822 3071 3878 dicuntur.

702 3908 1029 3964 Memorasse
1063 3908 1303 3964 sufficiat
1330 3909 1451 3965 Val.
1475 3909 1651 3964 Flacc.
1677 3909 1760 3965 IV
1797 3909 1926 3964 724:
1960 3908 2218 3963 immotos
2251 3924 2416 3963 ursae
2441 3908 2595 3978 riyor
2615 3907 2833 3962 invenit
2864 3923 3071 3974 amnes,

703 3993 907 4048 Lucan.
933 3994 992 4048 II
1013 3993 1143 4048 640:
1180 4010 1409 4062 aequore
1440 3992 1604 4048 denso
1629 3994 1800 4064 pigra
1827 3992 1996 4063 palus
2021 3993 2267 4062 Scythici
2282 3994 2506 4063 patiens
2528 3993 2781 4048 Maeotia
2805 3992 3070 4063 plaustri,

703 4078 865 4134 Mart.
900 4079 1031 4148 Cap.
1066 4079 1148 4134 VI
1183 4079 1312 4134 608:
1348 4096 1466 4133 una
1500 4078 1688 4150 (regio)
1724 4077 2026 4133 vicinantia
2052 4079 2304 4148 plaustri
2339 4079 2518 4150 alym-e
2552 4081 2852 4133 eructatur.

878 4165 921 4232 2)
957 4165 1098 4221 Vide
1132 4171 1352 4233 praeter
1384 4181 1509 4220 eum
1546 4166 1672 4220 Acc.
1708 4181 1760 4220 v.
1786 4164 1892 4218 566
1925 4164 2118 4233 Ribb.;
2155 4164 2256 4220 Ov.
2291 4164 2438 4220 trist.
2474 4165 2504 4219 I
2536 4164 2586 4234 2,
2622 4164 2705 4234 29,
2740 4165 2830 4219 ΠΙ
2866 4164 2948 4234 10,
2984 4163 3071 4232 11,

704 4250 793 4305 ΙΠ
840 4250 933 4320 11,
983 4250 1044 4319 8;
1099 4250 1239 4306 Stat.
1287 4250 1458 4306 Theb.
1510 4251 1593 4306 IV
1639 4250 1768 4319 422,
1823 4250 1936 4304 XII
1986 4250 2117 4319 6533
2175 4250 2446 4305 Paconius
2492 4250 2638 4305 FPR
2695 4250 2779 4306 ed.
2819 4249 3071 4305 Bahrens

702 4352 755 4405 p.
779 4336 898 4405 360,
939 4336 990 4389 2.
1025 4366 1095 4375 -
1128 4336 1302 4391 Semel
1338 4336 1506 4391 etiam
1534 4335 1696 4406 cigna
1727 4335 1976 4391 venturis
2002 4335 2262 4406 procellis
2288 4334 2547 4405 praescia
2581 4335 2839 4391 dicuntur
2872 4335 3074 4391 Avien.

701 4420 761 4475 11
786 4421 903 4476 123.
972 4420 1179 4475 Flatus
1200 4437 1365 4475 urnac
1399 4421 1753 4477 nominantur
1779 4422 1932 4478 venti
1955 4421 2407 4491 septentrionales
2441 4422 2509 4477 ab
2533 4420 2744 4477 Avieno
2769 4420 2858 4507 III
2879 4421 2999 4476 637.
