3576 5085
525 399 678 490 107]
977 399 1059 456 De
1095 399 1378 456 stellarum
1415 398 1780 468 appellatione
1817 404 1875 454 et
1913 398 2176 468 religione
2210 399 2456 454 Romana
2766 401 2892 467 199

536 573 667 640 Sed
708 572 806 640 ibi
849 573 1123 656 Hyades
1167 591 1288 654 pro
1334 570 1630 652 quolibet
1674 570 2017 637 stellarum
2074 570 2332 637 nomine
2377 570 2661 656 ponitur,
2723 591 2894 653 quae

526 677 800 743 Medeae
843 675 976 743 vim
1021 675 1350 758 magicam
1394 673 1743 740 senserint.

690 778 917 859 Neque
975 796 1133 846 vero
1181 776 1498 860 astrologi
1557 777 1933 842 sucularum
1991 779 2388 857 potestatem
2431 777 2891 859 neglexerunt.

523 879 762 947 Fusior
807 883 888 946 de
935 899 1015 947 ea
1060 884 1162 946 est
1207 879 1523 945 Manilius
1568 880 1630 946 V
1677 879 1803 945 119
1821 897 1986 959 sqq.:
2098 964 2105 970 ι

1152 985 1431 1065 surgent
1476 983 1743 1064 hyades,
1833 981 1974 1062 Quo
2020 985 2312 1063 tempore
2355 981 2536 1047 natis

722 1085 909 1151 nulla
949 1084 1134 1166 quies
1177 1084 1429 1166 placet3
1476 1083 1547 1150 in
1591 1084 1769 1150 nullo
1814 1088 1971 1150 sunt
2015 1083 2155 1149 otia
2198 1083 2452 1164 fructu3

721 1190 840 1254 sed
883 1188 1196 1269 populum
1242 1188 1638 1268 turbamque
1681 1190 1938 1269 petunt,
1982 1205 2332 1267 rerumque
2376 1187 2719 1252 tumultus

521 1289 951 1373 Intellegitur
994 1291 1116 1356 hoc
1161 1308 1197 1356 e
1242 1290 1605 1371 procellosa
1648 1288 1887 1356 sideris
1933 1293 2178 1355 natura
2221 1290 2572 1355 deductum
2619 1307 2779 1355 esse.

692 1393 941 1458 Tamen
1009 1397 1078 1458 et
1150 1392 1477 1459 Graecum
1550 1393 1928 1459 sucularum
2003 1395 2269 1475 etymon
2339 1388 2476 1454 ἀπὸ
2553 1400 2667 1454 τοῦ
2734 1388 2887 1468 συὸς

520 1495 797 1562 Manilio
840 1498 1068 1561 notum
1111 1495 1315 1561 fuisse
1358 1500 1547 1577 patet
1593 1514 1629 1561 e
1674 1515 1735 1562 v.
1783 1497 1940 1563 126:

827 1602 897 1664 et
942 1597 1139 1664 fidum
1183 1598 1590 1664 Laertiadae
1636 1617 1926 1682 genuere
1971 1601 2269 1682 syboten.

689 1718 845 1784 Cum
895 1718 1172 1784 Manilio
1215 1737 1485 1800 prorsus
1530 1718 1697 1785 facit
1738 1719 2068 1786 Firmicus
2113 1719 2472 1800 MaternuS,
2518 1716 2632 1798 qui
2676 1717 2888 1783 Math.

517 1820 686 1887 VIII
732 1821 772 1886 6
816 1823 900 1886 de
943 1820 1313 1886 hominibus
1362 1822 1484 1887 sub
1527 1821 1770 1904 Hyade
1814 1821 1996 1887 natis
2043 1821 2340 1887 disserit:
2386 1819 2552 1885 fiunt
2595 1817 2882 1900 inquieti

517 1922 886 1989 turbulenti
907 1922 1294 2006 ’popularea
1338 1923 1607 1989 bubulci
1651 1922 1969 2004 opiliones
2015 1921 2416 1989 armentarii.

690 2023 1054 2091 Christiani
1100 2025 1384 2106 denique
1428 2043 1835 2109 paganorum
1872 2025 2242 2092 nominibus
2287 2024 2391 2090 usi
2436 2027 2607 2090 sunt.
2695 2024 2885 2090 Nova

513 2131 774 2194 tantum
820 2128 1076 2195 accedit
1119 2127 1338 2210 opinio
1378 2130 1655 2212 suculas
1701 2146 1866 2210 quas
1896 2147 1969 2195 re
2000 2147 2167 2195 vera
2205 2146 2349 2194 cum
2387 2127 2572 2193 oculo
2602 2127 2884 2192 humano

513 2249 897 2314 componere
942 2231 1169 2316 possis,
1215 2232 1469 2298 oculum
1516 2251 1660 2298 esse
1705 2231 1813 2297 dei
1857 2232 2077 2298 omnia
2118 2231 2441 2298 videntis:
2504 2247 2676 2312 quae
2720 2229 2885 2294 ima·

510 2333 767 2419 ginatio
828 2336 1113 2400 deducta
1172 2338 1278 2400 est
1331 2354 1368 2400 e
1411 2335 1676 2400 Psalmo
1720 2333 1941 2400 XCIV
1984 2335 2025 2400 9
2085 2338 2153 2400 et
2214 2333 2448 2400 Sirach
2492 2331 2737 2398 XXIII
2784 2332 2885 2414 28,

513 2453 576 2502 v.
621 2436 1178 2503 Bartschium
1223 2438 1267 2503 l.
1310 2436 1351 2504 l.
1396 2457 1456 2518 p.
1501 2438 1601 2504 90.

683 2539 1653 2623 Praeterseptentriones
1686 2539 2035 2624 iugulas
2067 2537 2501 2622 vergilias
2533 2536 2883 2605 suculas

510 2641 796 2708 siderum
827 2642 1090 2708 nomina
1122 2661 1291 2723 quae
1319 2661 1477 2709 vere
1506 2643 1805 2709 Romana
1834 2647 2075 2725 essent,
2119 2661 2248 2708 non
2286 2639 2570 2723 repperi.
2659 2640 2882 2722 Quare

511 2742 748 2809 harum
794 2743 1234 2825 explicatione
1276 2744 1585 2810 absoluta
1627 2744 1834 2825 capiti
1864 2745 2145 2810 secundo
2176 2743 2367 2809 finem
2398 2742 2508 2808 hic
2536 2742 2883 2823 imponam.
