3576 5085
736 442 865 509 204
1643 440 1947 497 Guilelmus
1983 440 2195 496 Gundel
2953 439 3107 529 [112

739 613 1064 679 Romanos
1096 612 1457 694 scriptores
1486 612 1796 679 inventas
1829 631 2278 679 enumerarem
2310 617 2377 679 et
2407 631 2535 679 non
2563 611 2694 680 nisi
2726 611 3107 680 cautissime

736 717 822 780 de
866 714 1277 797 singularum
1323 714 1576 797 origine
1620 715 1782 796 quid
1827 714 2140 781 sentirem
2194 717 2518 782 adderem.

910 816 1044 884 Ubi
1089 900 1095 906 η
1105 817 1381 898 primum
1449 821 1710 884 veteres
1770 817 2051 883 Romani
2109 817 2314 884 oculis
2376 818 2449 883 in
2510 819 2763 884 caelum
2824 817 3106 884 sublatis

737 920 970 986 stellas
1015 921 1374 987 observare
1418 924 1794 1002 coeperunt,
1837 924 2105 1001 praeter
2134 921 2541 1002 splendorem
2570 925 2819 987 motum
2855 939 3110 1002 quoque

739 1042 964 1090 earum
1010 1024 1540 1090 animadvertere
1584 1024 1935 1089 debebant.
2021 1023 2243 1104 thue
2301 1022 2371 1088 in
2425 1029 2609 1089 terra
2660 1023 2802 1089 loco
2860 1022 3113 1090 moveri

741 1145 870 1193 non
915 1126 1046 1193 nisi
1092 1126 1487 1192 animalibus
1534 1144 1908 1192 concessum
1956 1130 2119 1209 erat,
2180 1132 2249 1192 et
2315 1125 2532 1192 stellis
2596 1126 2851 1192 animas
2910 1127 3110 1192 datas

741 1248 885 1295 esse
929 1249 1077 1295 mox
1123 1229 1253 1295 sibi
1296 1233 1785 1310 persuaserunt.
1873 1228 2004 1295 Sed
2041 1247 2182 1294 cum
2229 1229 2525 1295 rudiores
2569 1228 2791 1310 populi
2848 1227 3111 1295 animas

738 1331 886 1397 sine
945 1350 1212 1413 corpore
1270 1336 1597 1415 vagantes
1656 1331 1906 1413 fingere
1964 1331 2298 1414 nesciant,
2366 1332 2567 1397 etiam
2626 1331 2971 1397 stellarum
3037 1331 3113 1398 in

742 1452 1015 1515 corpora
1059 1434 1485 1499 incluserunt.
1573 1433 1682 1499 Ita
1727 1451 1884 1514 pars
1927 1452 2151 1499 earum
2209 1433 2278 1498 in
2325 1433 2579 1500 bestias
2623 1452 2947 1500 conversa
2991 1439 3113 1501 est.

743 1536 1073 1619 Quomodo
1120 1555 1157 1601 e
1202 1540 1381 1601 motu
1424 1535 1712 1601 borealis
1758 1535 1993 1601 sideris
2038 1535 2478 1601 concluserint
2528 1540 2779 1618 septem
2823 1536 2895 1602 in
2953 1555 3118 1603 area

743 1638 1102 1721 circumagi
1146 1637 1410 1721 trioneS,
1457 1657 1660 1719 supra
1702 1657 1762 1719 p.
1809 1639 1887 1702 71
1933 1639 2368 1719 exposuimus,
2470 1638 2599 1704 Sed
2657 1643 2733 1703 ut
2775 1638 3115 1719 proximus

742 1746 850 1809 est
893 1760 1152 1822 semper
1186 1743 1372 1807 homo
1403 1741 1664 1825 homini,
1707 1741 1809 1806 ita
1837 1742 2197 1822 proximum
2230 1745 2376 1807 erat
2406 1741 2639 1808 stellas
2670 1760 2787 1823 pro
2832 1741 3114 1807 homini-

742 1847 868 1912 bus
927 1846 1172 1911 habere
1230 1844 1298 1910 in
1360 1845 1542 1910 caelo
1602 1844 2130 1927 ambulantibuS‚
2206 1864 2365 1926 quos
2423 1845 2493 1910 in
2557 1846 2942 1911 daemonum
3002 1846 3117 1913 vel

742 1947 1079 2014 numinum
1124 1948 1264 2014 loco
1308 1967 1459 2013 mox
1502 1948 1791 2013 altitudo
1837 1947 2140 2013 caelestis
2186 1947 2427 2014 evexit.

914 2051 1016 2117 Re
1060 2051 1209 2132 ipsa
1251 2049 1503 2116 factum
1548 2056 1665 2133 est,
1709 2054 1785 2116 111
1828 2051 1953 2116 hac
1998 2052 2265 2116 eaedem
2312 2050 2647 2132 opiniones
2676 2056 3114 2118 nascerentur

745 2158 815 2219 et
873 2154 1325 2220 adolescerent
1385 2171 1529 2219 cum
1592 2155 1768 2235 apud
1826 2152 1990 2220 alios
2050 2154 2322 2235 populos
2381 2160 2517 2219 tum
2593 2156 2770 2235 apud
2821 2154 3113 2221 Graecos

744 2256 1216 2337 Romanosque.
1303 2258 1530 2336 Neque
1574 2260 1797 2321 tamen
1841 2256 2277 2322 Romanorum
2322 2257 3114 2339 anthropomorphismum

743 2358 1085 2424 stellarem
1129 2377 1362 2439 purum
1406 2361 1476 2423 et
1519 2358 1849 2440 integrum
1895 2358 2230 2442 habemUS,
2281 2361 2413 2441 sed,
2457 2364 2535 2424 ut
2578 2361 2764 2426 modo
2809 2360 3112 2442 diximuS‚

745 2460 1069 2526 similibus
1114 2460 1510 2526 Graecorum
1550 2460 1904 2526 sententiis
1948 2460 2265 2527 infectum
2311 2465 2380 2528 et
2421 2462 2833 2542 permixtum.
2923 2461 3113 2546 Quod

745 2564 851 2630 vel
900 2582 936 2630 e
981 2564 1531 2645 subsequentibus
1576 2556 1942 2646 apparebit.

920 2667 1128 2748 Quam
1171 2685 1381 2748 parva
1425 2667 1578 2733 olim
1622 2666 1799 2733 inter
1834 2666 2127 2733 homines
2171 2667 2534 2749 stellasque
2577 2668 2955 2734 differentia
2998 2687 3111 2735 ex·

745 2769 968 2835 titerit
1014 2788 1088 2835 eo
1121 2771 1625 2853 demonstratur,
1673 2771 1844 2851 quod
1873 2769 2170 2850 homines
2201 2770 2576 2850 splendidos
2609 2790 2754 2837 cum
2784 2771 2963 2838 Sidet
2963 2771 3112 2838 1bus

746 2891 1127 2954 comparare
1189 2873 1403 2938 solent
1459 2877 1737 2939 veteres.
1843 2871 2043 2939 Cuius
2103 2871 2203 2937 rei
2261 2871 2524 2938 initium
2590 2876 2764 2955 apud
2824 2874 3112 2942 Graecos

745 2979 864 3057 est,
912 2994 1181 3057 quorum
1228 2971 1263 3038 ὃ
1308 2973 1578 3060 ποιητὴς
1617 2975 1795 3057 dicit,
1839 2975 2029 3040 Iliad.
2074 2974 2136 3040 V
2180 2976 2363 3057 5sq.:

1056 3075 1259 3160 ἆστερ’
1305 3073 1609 3160 ὀπωρινῷ
1655 3071 2023 3159 ἐναλίγκιον,
2068 3074 2141 3151 ὅς
2182 3099 2252 3140 τε
2290 3077 2569 3158 μάλιστα

1054 3178 1356 3264 λαμπρὸν
1397 3182 1819 3265 παμφαίνῃσι
1862 3178 2237 3260 λελούμενος
2278 3182 2663 3265 Ὠκεανοῖο.1)

918 3282 1061 3349 Ηο0
1107 3285 1192 3349 ad
1235 3288 1470 3364 poetas
1513 3283 1842 3349 Romanos
1888 3283 2210 3349 transisse
2254 3282 2490 3349 mirum
2520 3303 2650 3350 non
2696 3289 2818 3368 est,
2860 3302 2923 3352 v.
2953 3285 3116 3351 Hor.

747 3385 957 3451 Carm.
1001 3386 1109 3451 III
1152 3387 1211 3470 9,
1252 3388 1365 3452 21:

1054 3487 1281 3554 Sidere
1328 3487 1660 3570 pulchrior
1701 3487 1817 3554 ille
1840 3487 1889 3571 ²)

920 3591 1067 3658 Val.
1112 3590 1331 3656 Flacc.
1376 3591 1438 3655 V
1481 3591 1608 3656 366
1626 3609 1792 3671 sqq.:

2061 3743 2078 3758 .
2121 3743 2137 3759 .
2181 3699 2486 3774 astroque
2530 3698 2860 3760 comantes

1059 3795 1478 3877 Tyndaridas
1522 3795 1666 3876 ipse
1713 3793 1980 3878 egregio
2027 3795 2473 3876 supereminet
2516 3813 2646 3878 ore,

1055 3916 1185 3964 non
1229 3916 1415 3964 secus
1459 3902 1770 3964 autumno
1817 3916 2014 3979 quam
2058 3916 2205 3963 cum
2247 3897 2458 3980 magis
2503 3902 2775 3980 asperat
2817 3897 3008 3981 ignes

1059 3999 1269 4066 Sirius
1315 4005 1384 4066 et
1427 4019 1626 4068 saevo
1672 4019 1814 4067 cum
1862 4018 1994 4065 nox
2040 4000 2424 4066 accenditur
2467 4019 2627 4067 auro

1056 4101 1370 4168 luciferas
1416 4102 1656 4168 crinita
1698 4102 1922 4179 faces..

926 4239 965 4310 ¹)
1002 4238 1143 4293 Vide
1179 4237 1343 4292 etiam
1380 4236 1537 4292 Iliad.
1574 4238 1656 4293 VI
1690 4237 1810 4306 401,
1847 4238 1931 4292 ΧΙ
1966 4238 2061 4307 62;
2098 4236 2321 4293 Α1111101.
2359 4238 2541 4293 Palat.
2577 4238 2689 4295 VII
2723 4237 2843 4308 669,
2890 4238 3009 4294 670.

922 4324 965 4393 ¹)
1003 4324 1174 4391 Quem
1208 4323 1460 4378 imitatus
1507 4327 1591 4379 est
1627 4322 1973 4393 Claudianus⁴
2009 4323 2078 4377 de
2126 4328 2282 4391 nupt.
2318 4323 2456 4379 Hon.
2505 4324 2535 4378 I
2571 4324 2688 4394 (XI,
2728 4323 2806 4393 l):
2848 4323 3118 4396 princeps

763 4426 986 4466 corusco
1022 4409 1199 4464 sidere
1232 4408 1530 4478 pulchrior.
