3576 5085
499 432 607 520 61]
952 433 1034 486 De
1071 432 1354 487 stellarum
1393 431 1756 500 appellatione
1794 438 1852 487 et
1887 431 2148 500 religione
2184 432 2427 487 Romana
2741 434 2866 501 153

500 603 699 671 tionis
744 604 873 669 iam
906 603 1132 669 Cicero
1179 602 1374 669 testis
1421 607 1522 668 est
1568 603 1647 668 de
1693 607 1833 667 nat.
1879 604 2048 669 deor.
2080 603 2151 669 II
2184 605 2339 670 111:
2386 604 2682 667 minorem
2730 656 2745 670 .
2789 656 2805 670 .
2848 655 2864 670 .

499 708 964 788 septentrionem
1016 704 1288 786 Cepheus
1329 705 1737 786 subsequitur.
1843 706 1985 787 Quo
2045 707 2263 786 fiebat,
2323 711 2399 771 ut
2459 707 2659 773 alteri
2718 726 2864 773 con-

499 808 860 875 stellationi
907 807 1416 889 appellationem
1474 808 1808 888 septentrio
1854 809 2054 871 maior
2115 810 2454 891 adderent,
2514 828 2574 875 v.
2621 809 2866 893 Hygin.

499 911 633 977 fab.
697 911 1079 977 CLXXVII
1139 930 1197 992 p.
1263 910 1485 976 13313:
1539 915 1752 990 postea
1811 910 1977 974 Iovis
2031 912 2103 973 in
2153 912 2475 974 stellarum
2534 931 2866 975 numerum

499 1015 751 1096 rettulit,
774 1034 932 1094 quae
956 1013 1298 1093 Septentrio
1321 1014 1686 1093 appellatur.
1720 1065 1733 1078 .
1759 1064 1772 1077 .
1799 1064 1811 1077 .
1834 1012 1982 1076 haec
2004 1033 2146 1094 erqo
2175 1014 2517 1095 Septentrio
2547 1016 2775 1079 maior.
2793 1066 2808 1081 .
2825 1040 2866 1097 ,ς

500 1117 657 1182 Luc.
691 1117 943 1197 Ampel.
977 1115 1089 1181 lib.
1119 1134 1301 1180 mem.
1334 1134 1473 1195 cap.
1505 1116 1641 1180 III:
1672 1117 2111 1197 septentriones
2139 1115 2300 1179 duo:
2330 1117 2529 1180 maior
2557 1122 2614 1180 et
2643 1119 2865 1195 minor,

501 1221 611 1300 qui
674 1238 1018 1298 numquam
1103 1223 1489 1298 nierquntur.
1603 1218 1871 1283 Nullum
1939 1218 2207 1284 dubium
2274 1223 2406 1301 est,
2481 1219 2637 1299 quin
2705 1222 2867 1285 haec

503 1321 881 1403 appellandi
925 1320 1094 1385 ratio
1141 1326 1286 1386 orta
1321 1320 1412 1385 sit
1457 1339 1537 1385 ex
1570 1319 1948 1386 confusione
1994 1340 2139 1386 cum
2184 1341 2373 1384 ursae
2418 1322 2868 1402 appellatione

504 1423 706 1488 facta.
795 1424 961 1487 Nam
994 1429 1342 1503 utrumque
1375 1421 1558 1488 sidus
1606 1423 1810 1488 etiam
1855 1442 2071 1487 ursam
2117 1424 2411 1486 maiorem
2458 1429 2525 1489 et
2570 1425 2868 1488 minorem

504 1532 806 1592 vocatum
840 1544 980 1590 esse
1011 1525 1187 1590 infra
1218 1525 1611 1593 videbimus.
1702 1524 1886 1607 Quae
1934 1525 2227 1591 confusio
2259 1525 2366 1592 vel
2413 1545 2488 1591 eo
2519 1545 2869 1609 progressa

504 1633 621 1710 est,
667 1633 743 1693 ut
775 1627 990 1693 dicere
1022 1629 1232 1709 possit
1262 1627 1614 1694 Vitruvius
1645 1628 1749 1693 IX
1773 1630 1833 1711 4,
1865 1630 1905 1693 6
1947 1629 2026 1693 de
2057 1629 2276 1709 capite
2307 1628 2574 1693 maioris
2606 1634 2869 1710 septen-

502 1730 737 1796 trionis
791 1736 859 1795 et
904 1731 985 1795 de
1032 1733 1241 1796 cauda
1299 1730 1586 1796 minoris.
1675 1731 1825 1796 Huc
1883 1731 2179 1810 pertinet
2237 1731 2304 1795 id
2366 1749 2638 1813 quoque,
2700 1733 2871 1811 quod

502 1852 709 1915 genus
754 1833 1183 1897 masculinum
1237 1834 1385 1899 voci
1430 1850 1548 1913 per
1593 1851 1663 1897 se
1708 1832 2041 1913 proprium
2087 1834 2477 1897 mutabatur
2533 1833 2604 1897 in
2664 1852 2870 1914 genus

504 1933 906 2014 femininum,
970 1934 1122 2000 vide
1166 1935 1365 1998 Mart.
1414 1934 1569 2014 Cap.
1616 1934 1785 1999 VIII
1833 1934 1989 1999 838:
2047 1935 2360 2014 aquilonis
2401 1936 2601 2014 iqitur
2652 1934 2872 1998 habent

494 2041 739 2118 partem
784 2040 1049 2115 utraque
1088 2036 1447 2119 Septentrio,
1493 2035 1753 2119 draco.1)

676 2140 956 2204 Praeter
1001 2157 1098 2220 ea,
1145 2157 1315 2219 quae
1357 2141 1541 2204 modo
1573 2138 1936 2222 attulimuS,
1983 2140 2343 2205 notandum
2391 2143 2494 2204 est
2538 2138 2668 2203 iam
2717 2138 2870 2204 inde

504 2260 543 2305 a
583 2240 915 2322 prioribus
960 2241 1155 2306 latini
1186 2241 1501 2306 sermonis
1541 2241 1944 2322 temporibus
1991 2245 2241 2321 septem
2274 2241 2551 2307 trionem
2584 2260 2624 2305 a
2656 2241 2870 2308 sidere

502 2344 903 2409 translatum
949 2363 1091 2409 esse
1128 2346 1213 2408 ad
1245 2344 1577 2427 regionem
1624 2344 1729 2409 cui
1774 2343 2161 2408 imminebat
2191 2343 2354 2409 illud
2402 2348 2471 2408 et
2515 2343 2868 2409 caelestem

505 2456 573 2511 et
602 2451 1001 2511 terrestrem.
1089 2447 1274 2528 Quae
1306 2466 1411 2512 res
1450 2447 1665 2512 notior
1698 2449 1819 2529 est,
1866 2465 2060 2526 quam
2093 2465 2260 2526 quae
2292 2446 2609 2526 exemplis
2642 2446 2867 2511 allatis

502 2549 822 2632 indigeat.
912 2550 1085 2631 Quin
1139 2550 1335 2615 etiam
1385 2551 1747 2630 posteriore
1794 2568 1954 2616 aevo
2002 2550 2186 2614 sidus
2231 2548 2472 2614 iterum
2522 2568 2559 2614 e
2602 2550 2870 2631 regione

506 2653 909 2733 appellatum
944 2657 1062 2734 est,
1094 2653 1282 2718 velut
1315 2671 1355 2716 a
1388 2652 1716 2717 Martiano
1749 2652 2019 2732 Capella
2042 2652 2212 2718 VIII
2234 2653 2359 2717 818
2386 2653 2637 2733 yemina
2665 2652 2872 2717 sidera

506 2755 937 2833 septentrionis
982 2760 1101 2819 aut
1149 2773 1189 2817 a
1236 2754 1403 2819 Iulio
1451 2753 1872 2833 Obsequente
1926 2773 1976 2819 c.
2025 2756 2149 2818 128
2206 2756 2640 2834 septentrionis
2680 2755 2873 2821 sidus,

509 2854 649 2935 Quo
690 2855 943 2921 factum
976 2859 1094 2939 est,
1138 2861 1215 2921 ut
1259 2874 1416 2921 ursa
1459 2854 1668 2920 maior
1712 2856 2164 2936 appellaretur
2191 2858 2662 2936 septentrionale
2700 2857 2875 2921 sidus

511 2957 619 3022 vel
664 2957 896 3023 omisso
949 2958 1207 3023 nomine
1253 2957 1667 3024 substantivo
1704 2958 2176 3038 septentrionale
2218 2962 2336 3023 aut
2363 2960 2876 3042 septentrionalis,

508 3077 571 3125 v.
603 3059 903 3125 Wolffl
925 3060 1047 3124 ini
1080 3061 1276 3125 Arch.
1307 3061 1409 3125 IX
1439 3080 1499 3141 p.
1535 3061 1676 3142 138,
1708 3060 2031 3125 Isidorum
2064 3060 2243 3142 Orig.
2267 3060 2374 3126 III
2399 3062 2499 3142 70,
2524 3062 2581 3143 6,
2621 3060 2733 3141 qui
2764 3079 2873 3126 ex-

507 3161 824 3227 scribitur
883 3164 966 3227 ad
1024 3163 1270 3227 Bedam
1333 3165 1412 3228 de
1480 3168 1675 3243 temp.
1721 3167 1846 3227 rat.
1892 3163 1926 3227 I
1972 3165 2055 3228 32
2102 3163 2227 3240 (ed.
2271 3163 2425 3228 Bas,
2471 3164 2541 3228 II
2584 3183 2645 3245 p.
2695 3164 2874 3247 134):

506 3270 805 3327 arcturus
835 3263 952 3349 (sic
981 3284 1096 3346 pro
1126 3265 1318 3348 arcto)
1350 3266 1456 3328 ille
1491 3273 1596 3347 est,
1642 3285 1820 3345 quem
1860 3265 2046 3329 latini
2071 3266 2599 3345 septentrionalem
2644 3265 2877 3333 dieunt.

680 3368 909 3447 Neque
939 3367 1173 3432 mirum
1204 3373 1320 3450 est,
1367 3370 1536 3448 quod
1567 3372 1820 3449 poetae,
1860 3387 2134 3448 quorum
2165 3387 2199 3434 e
2232 3387 2407 3434 more
2435 3367 2640 3434 fuisse
2673 3387 2875 3449 supra

506 3469 787 3538 vidimus
835 3472 913 3536 de
945 3469 1250 3534 trionibus
1293 3471 1524 3536 omisso
1569 3472 1895 3536 numerali
1925 3471 2120 3553 loqui,
2166 3471 2501 3553 regionem
2547 3472 2873 3536 borealem

508 3575 729 3639 eodem
789 3574 1104 3640 vocabulo
1166 3573 1418 3654 poetico
1478 3573 1883 3640 ornaverint.
1993 3574 2181 3655 Quod
2255 3573 2417 3638 fecit
2478 3572 2875 3639 Claudianus

508 3675 678 3741 VIII
723 3679 879 3742 474:
922 3696 1077 3757 qens
1119 3696 1243 3756 qua
1273 3696 1398 3740 non
1442 3676 1750 3757 Scythicos
1792 3676 2086 3757 diffusior
2127 3677 2262 3742 ulla
2302 3677 2531 3739 triones
2568 3677 2577 3760 Ι
2615 3676 2876 3739 incoluit

510 3782 580 3842 et
621 3779 792 3843 XXI
824 3781 979 3844 217:
1026 3780 1449 3859 exarmatique
1477 3779 1722 3843 triones.
1812 3780 2089 3844 Praeter
2134 3782 2362 3859 poetas
2421 3782 2657 3860 autem,
2705 3780 2874 3857 quod

508 3880 630 3945 hoc
674 3880 812 3945 loco
859 3882 1115 3964 addam,
1161 3880 1317 3947 Trio
1364 3880 1550 3946 nobis
1596 3881 1884 3946 occurrit
1942 3899 2057 3962 pro
2103 3881 2430 3947 hominum
2496 3879 2875 3962 cognomine

510 3982 808 4063 pluribus
852 3984 1030 4048 locis.
1136 3985 1347 4049 Notus
1408 3989 1508 4049 est
1569 3983 1911 4049 Fulcinius
1957 3982 2130 4067 Trio,
2190 3983 2434 4049 aetatis
2480 3981 2876 4048 Tiberianae

688 4152 729 4220 ¹)
767 4151 907 4206 Vide
933 4153 1138 4221 Hygin.
1167 4153 1273 4208 fab.
1302 4154 1606 4208 CLXXVII
1642 4171 1692 4223 p.
1722 4153 1908 4207 133B:
1947 4169 2084 4220 quae
2108 4151 2403 4221 septentrio
2440 4152 2758 4221 appellatur
2782 4193 2794 4206 .
2822 4195 2833 4206 .
2862 4194 2873 4206 .

509 4237 639 4292 haec
674 4255 798 4308 erqo
833 4238 1134 4307 septentrio
1171 4238 1365 4294 maior.
1450 4241 1526 4295 At
1578 4239 1635 4294 in
1670 4240 1859 4294 fabula
1896 4239 2172 4294 CCXXIV
2219 4255 2269 4306 p.
2309 4238 2468 4291 155ss
2516 4236 2873 4291 masculinum

511 4340 685 4393 genus
711 4324 937 4379 adhibet
961 4325 1103 4380 idem
1130 4325 1400 4395 Hyginus,
1438 4325 1602 4380 reicio
1626 4331 1913 4394 praeterea
1939 4325 2008 4379 ad
2033 4325 2195 4379 schol.
2223 4324 2402 4379 Germ.
2429 4324 2583 4378 Arat.
2621 4339 2671 4389 p.
2700 4320 2815 4389 189,
2843 4322 2874 4373 7

510 4413 745 4478 utraque
774 4410 1071 4480 septentrio
1103 4417 1159 4465 et
1192 4411 1261 4465 ad
1301 4411 1679 4465 Maassium
1706 4412 1801 4465 Ar.
1827 4411 1923 4465 rel.
1954 4427 2005 4479 p.
2032 4410 2134 4464 134
2170 4413 2429 4478 utrasque
2464 4405 2857 4477 septentriones
