3576 5085
563 447 629 536 5]
1021 450 1105 505 De
1138 448 1422 504 stellarum
1459 446 1826 516 appellatione
1861 453 1920 502 et
1954 446 2219 517 religione
2256 447 2500 503 Romana
2848 451 2933 516 97

561 619 703 703 sim,
748 618 1137 701 ubicumque
1182 621 1482 686 veterum
1511 616 1899 683 testimonia
1927 615 2276 699 proferam.
2364 618 2497 684 Sed
2525 636 2670 684 cum
2716 619 2937 686 adhuc

560 721 782 789 nullus
847 725 1034 788 extet
1098 720 1271 787 liber
1284 770 1301 804 ,
1366 738 1495 803 quo
1556 718 1771 786 fusius
1832 718 2377 802 gravissimarum
2442 719 2935 803 apparitionum

560 824 946 893 caelestium
1006 822 1348 906 opiniones
1407 827 1476 890 et
1541 822 1807 889 nomina
1862 826 1934 888 et
2008 822 2310 905 epitheta
2367 824 2542 905 apud
2605 824 2936 891 Romanos

560 926 762 996 obvia
819 926 1100 994 collecta
1154 929 1328 1009 sunt,
1388 930 1666 991 conatus
1726 943 1872 991 sum
1931 943 2127 1006 quam
2185 925 2471 1007 plurima
2533 927 2836 1008 exempla
2895 946 2938 994 a

559 1029 875 1097 Romanis
915 1033 1240 1110 usurpata
1268 1046 1641 1112 congerere,
1688 1047 1725 1093 e
1754 1027 2189 1094 monumentis
2227 1027 2546 1095 orationis
2578 1033 2650 1095 et
2677 1031 2936 1096 solutae

562 1135 633 1199 et
673 1130 943 1200 vinctae
985 1131 1201 1213 petita
1241 1149 1450 1212 usque
1501 1132 1587 1196 ad
1632 1130 2027 1213 scriptorum
2076 1130 2675 1198 ecclesiasticorum
2719 1131 2935 1199 initia.

558 1236 914 1304 Auctorum
957 1238 1174 1299 autem
1224 1252 1382 1316 quos
1425 1232 1720 1316 adhibui,
1764 1232 2025 1315 inspexi
2070 1252 2185 1300 eas
2231 1233 2574 1318 editioneS,
2632 1253 2803 1316 quae
2864 1234 2935 1301 in

557 1336 861 1404 Indice
925 1336 1345 1403 librorum
1419 1356 1460 1403 a
1518 1336 1646 1402 Fr.
1699 1335 2074 1403 Vollmer
2129 1335 2198 1401 in
2258 1354 2448 1403 usum
2508 1337 2936 1404 Thesauri

559 1439 918 1523 linguae
959 1438 1302 1506 latinae
1347 1456 1519 1505 anno
1552 1439 1721 1505 1904
1752 1439 2107 1519 composito
2138 1443 2626 1506 enumerantur.
2714 1440 2936 1507 Testi-

558 1541 779 1608 monia
802 1561 970 1625 quae
994 1560 1077 1608 ex
1104 1541 1438 1624 lapidibus
1461 1541 1716 1625 collegi,
1737 1541 1988 1624 protuli
2011 1543 2100 1608 ad
2130 1541 2179 1608 O
2195 1561 2231 1607 o
2248 1562 2339 1624 rp
2357 1562 2393 1610 o
2409 1542 2531 1608 ris
2563 1543 2649 1608 in
2664 1562 2745 1610 sc
2760 1543 2891 1626 rip
2908 1579 2933 1592 -

559 1643 881 1711 tionum
938 1643 1452 1711 Latinarum
1511 1644 1849 1712 volumina
1917 1651 1987 1711 et
2045 1663 2366 1712 numeros.
2465 1645 2935 1713 Recentiorum

556 1745 872 1814 librorum
949 1746 1061 1828 qui
1134 1746 1404 1813 minoris
1448 1747 1762 1813 momenti
1819 1747 1982 1813 mihi
2038 1745 2312 1813 fuerunt
2378 1766 2495 1814 suo
2555 1748 2696 1815 loco
2740 1747 2936 1815 ‚infra

557 1854 826 1917 notatos
865 1849 1190 1932 invenieS,
1238 1849 1606 1915 uberiorem
1651 1855 1875 1915 autem
1905 1867 2093 1914 usum
2136 1848 2268 1915 feci
2309 1850 2541 1915 horum
2583 1850 2933 1917 librorum:

560 1967 883 2034 Henric
904 1986 999 2034 us
1043 1967 1539 2033 Decimator
1584 1966 2273 2033 Giffhornensis:
2319 1967 2597 2032 labellus
2624 1968 2701 2032 de
2741 1970 2935 2034 stellis

761 2069 912 2150 fixi-s·
940 2073 998 2132 et
1026 2069 1311 2132 mancis
1351 2087 1479 2133 non
1517 2073 1761 2133 tantum
1808 2070 2195 2148 astronomia,
2240 2089 2455 2134 verum
2485 2071 2672 2135 etiam
2714 2072 2799 2135 iis
2826 2074 2938 2153 qui

765 2172 838 2236 in
878 2170 1223 2235 scribendis
1260 2191 1326 2235 sc
1360 2171 1636 2235 versibus·
1670 2176 1951 2236 emercent
1989 2172 2183 2236 uiuis.
2258 2173 2701 2256 Magdeburgi
2748 2174 2934 2242 1587.

558 2292 632 2358 P.
675 2293 1062 2358 Joannes
1098 2291 1510 2373 Baptista
1539 2291 1947 2358 Riccioli:
1993 2291 2428 2375 Almaqestum
2468 2312 2692 2357 novum
2737 2298 2934 2359 astro·

764 2396 1040 2459 nomiam
1084 2398 1340 2458 veterem
1383 2413 1725 2476 novamque
1769 2395 2180 2477 complectens.
2268 2394 2327 2461 B
2344 2413 2380 2460 o
2395 2414 2439 2460 n
2456 2414 2493 2462 o
2510 2395 2593 2461 ni
2612 2415 2701 2462 ae
2748 2397 2933 2464 1653.

558 2514 636 2583 L.
679 2513 980 2581 Ideler
1024 2534 1086 2583 v.
1128 2533 1332 2598 supra
1374 2534 1436 2597 p.
1480 2517 1540 2581 4.

555 2635 673 2702 Bu
689 2639 722 2701 t
739 2639 851 2702 tm
867 2654 908 2701 a
924 2654 1060 2702 nn:
1147 2619 1308 2701 Uber
1379 2634 1479 2698 die
1550 2634 1948 2716 Entstehuny
2016 2634 2128 2699 der
2190 2634 2579 2700 Sternbilder
2638 2636 2767 2717 auf
2823 2636 2935 2701 der

759 2736 1178 2820 qriechischen
1235 2736 1494 2819 Sphc'ire,
1558 2737 1716 2801 Abh.
1779 2737 1893 2800 der
1942 2737 2113 2801 Ko'n.
2175 2736 2379 2803 Akad.
2436 2737 2548 2802 der
2612 2737 2798 2805 Wiss,
2848 2760 2931 2804 zu

763 2838 995 2903 Berlin
1038 2842 1215 2902 1826
1247 2838 1468 2920 philo-3.
1513 2838 1743 2901 Klasse
1786 2857 1846 2919 p.
1894 2840 1976 2903 19
1991 2856 2130 2919 sqq.

559 2957 636 3024 A.
676 2957 1482 3039 Bouche-Leclercq
1525 2976 1586 3026 v.
1632 2975 1838 3039 supra
1881 2976 1945 3038 p.
1988 2959 2047 3022 4.

557 3076 605 3142 J
613 3095 815 3143 oann
829 3095 908 3143 es
940 3076 1296 3144 Vossius:
1325 3076 1673 3159 Etymozoq.
1692 3076 1948 3159 linquae
1961 3076 2211 3161 latinae,
2249 3077 2928 3146 Amstelodami1662.

559 3197 694 3263 Th.
735 3196 904 3263 Ben
919 3196 1089 3281 fey:
1146 3196 1567 3263 Grioehisches
1616 3196 2126 3280 Wurzellexicon,
2169 3195 2400 3263 Berlin
2449 3197 2637 3264 1839.

557 3317 636 3384 A.
680 3316 743 3384 V
758 3336 801 3383 a
814 3335 857 3382 n
874 3316 945 3382 ic
960 3337 997 3382 z
1014 3335 1050 3383 e
1065 3317 1114 3382 k
1131 3341 1145 3383 :
1194 3315 1960 3382 arammeh-lateinisches
1988 3315 2474 3399 etymoloqisches
2510 3316 2928 3402 Wo'rterbuch,

761 3418 1045 3503 Leipzig
1099 3420 1283 3486 1877.

553 3540 632 3606 L.
675 3539 738 3606 D
757 3540 853 3605 ὀᾶ
870 3538 1183 3606 erlein:
1227 3539 1473 3603 Latein.
1514 3538 1863 3621 Synonyme
1904 3538 2041 3602 und
2068 3537 2516 3620 Etymoloyien.

554 3658 632 3724 A.
676 3657 821 3724 Fri
838 3677 875 3724 e
890 3660 994 3725 dr.
1039 3659 1098 3725 P
1113 3678 1150 3726 o
1165 3662 1274 3725 tt:
1319 3657 1809 3741 Etymoloyisehe
1849 3657 2301 3740 Forschvmyen
2343 3659 2461 3739 auf
2506 3657 2644 3722 dem
2678 3656 2928 3723 Gebiete

757 3760 871 3825 der
911 3760 1254 3843 indoyerm.
1299 3759 1623 3845 Sprachess,
1666 3761 1980 3827 Detmold
2025 3761 2474 3845 1859—1876,
2516 3760 2757 3827 I—VI.

559 3880 614 3947 Ο
629 3884 661 3947 t
675 3885 708 3947 t
723 3899 760 3947 o
803 3881 869 3947 K
885 3900 922 3948 e
937 3882 1001 3948 ll
1017 3900 1055 3949 e
1069 3901 1105 3947 r
1120 3907 1135 3948 :
1181 3880 1425 3947 Latein.
1469 3880 2000 3964 Volksetymoloyic
2026 3880 2163 3945 wnd
2200 3879 2607 3960 VerwandteS,
2646 3879 2926 3966 Leipzig

556 3984 1109 4152 eiusdgngglffiere
1150 4085 1257 4150 des
1296 4086 1489 4152 klass.
1531 4087 1880 4152 Altertums
1935 4088 2010 4151 in
2053 4085 2755 4169 culturyeschichtlieher
2795 4086 2923 4151 Be·

696 4196 700 4199 ‘
760 4186 1044 4273 ziehuny,
1086 4189 1461 4257 Innsbruck
1501 4191 1687 4258 1887.

549 4310 615 4375 J.
679 4307 906 4376 Grim
922 4328 1020 4375 m:
1077 4307 1389 4374 Deutsche
1442 4309 1845 4393 Mytholoyie,
1914 4310 2103 4374 vierte
2159 4308 2457 4392 Ausqabe
2513 4307 2749 4389 besorqt
2803 4324 2921 4370 von

759 4412 1032 4479 Elard
1073 4412 1317 4495 Hugo
1362 4412 1682 4496 Meyer,
1725 4413 1853 4480 vol.
1897 4412 2144 4496 I-III,
2188 4411 2417 4480 Berlin
2463 4409 2649 4475 1875.
