3576 5085
573 393 692 484 ³65]
1028 393 1112 449 De
1147 393 1430 449 stellarum
1465 393 1831 463 appellatione
1864 398 1925 450 et
1958 394 2223 466 religione
2255 394 2505 451 Romana
2821 400 2947 466 157

581 565 798 647 loquio
858 564 1090 632 favent
1143 565 1513 633 Corssen
1571 563 1968 646 Aussprache
2026 565 2616 637 αηοῖ,,701εαῐίεηταε
2657 617 2673 633 .
2720 617 2735 632 .
2783 619 2796 633 .
2841 568 2954 633 der

582 669 687 732 lat.
725 667 864 752 Spr.
895 669 932 733 I
959 668 1105 751 512,
1150 666 2053 751 Osthoff-Brugmann
2092 667 2396 750 Morphol.
2438 668 2684 736 Unters.
2714 670 2774 736 V
2808 672 2951 754 111,

579 772 658 837 A.
682 770 932 837 Baum
949 774 1313 854 gartner
1343 770 1484 835 Zur
1515 769 1867 834 Geschichte
1896 770 2034 835 und
2051 771 2374 836 Diteratur
2403 771 2516 836 cler
2539 772 2953 857 qriechischen

582 872 992 957 Sternbilder,
1049 872 1258 940 Basil.
1321 874 1490 939 1904
1555 893 1615 955 p.
1678 874 1776 955 14,
1837 874 1915 940 A.
1967 872 2254 941 Walde
2312 875 2352 940 l.
2398 876 2440 940 l.
2484 894 2543 956 p.
2605 876 2731 942 637
2792 895 2843 943 S.
2886 895 2950 944 v.

583 979 830 1042 triones,

752 1079 884 1146 Sed
927 1097 1059 1145 non
1103 1079 1312 1144 solum
1356 1079 1438 1144 de
1482 1083 1735 1160 septem
1778 1079 1995 1145 bubus
2040 1078 2433 1161 cogitabant
2475 1085 2759 1164 vetereS,
2804 1099 2949 1147 cum

580 1182 650 1248 in
696 1182 882 1248 caelo
928 1180 1499 1247 constellationem
1556 1179 1740 1247 illam
1800 1180 2277 1264 conspicerent,
2337 1182 2456 1248 sed
2515 1182 2706 1249 vario
2763 1184 2950 1249 modo

583 1284 880 1367 singulas
929 1283 1163 1349 stellas
1224 1284 1310 1349 ad
1368 1281 1723 1365 imaginem
1782 1287 2305 1365 composuerunt.
2393 1286 2616 1365 Atque
2672 1285 2951 1367 primam

584 1404 812 1453 earum
855 1406 897 1467 p
914 1385 1103 1451 laus
1120 1385 1238 1451 tri
1283 1384 1796 1466 appellationem
1840 1385 2347 1454 consideremus.

756 1487 1152 1571 Saepissime
1195 1487 1369 1554 enim
1427 1487 1947 1569 septentrionale
2006 1488 2191 1555 sidus
2250 1508 2292 1554 a
2335 1488 2649 1555 Romanis
2705 1489 2906 1570 plau
2924 1526 2949 1538 -

586 1596 853 1657 strum
909 1590 1306 1673 appellatur,
1365 1591 1592 1657 eodem
1650 1609 1779 1672 quo
1840 1609 1881 1656 a
1927 1590 2202 1657 Graecis
2253 1592 2439 1657 modo
2498 1589 2721 1672 ἅμαξα
2781 1596 2850 1658 et
2909 1610 2953 1657 a

583 1693 995 1760 nostratibus
1063 1692 1317 1774 Wayen.
1417 1692 1605 1775 Quae
1664 1692 2028 1775 appellatio
2086 1694 2230 1759 sine
2290 1693 2487 1760 dubio
2545 1712 2675 1759 non
2729 1699 2869 1760 tam
2914 1713 2953 1759 e

583 1795 821 1862 sideris
863 1801 1046 1861 motu
1091 1795 1375 1877 plaustri
1421 1794 1742 1860 consimili
1786 1813 1983 1875 quam
2023 1813 2061 1861 e
2091 1794 2437 1861 stellarum
2480 1795 2952 1878 compositione

583 1902 732 1965 orta
776 1904 897 1965 est.
999 1898 1145 1964 Non
1184 1897 1382 1963 huius
1425 1897 1553 1963 loci
1598 1902 1700 1962 est
1743 1915 2132 1963 enumerare
2178 1915 2288 1963 eos
2333 1896 2722 1978 quicumque
2767 1897 2951 1963 illam

583 1999 1149 2066 constellationem
1172 1997 1647 2080 descripserint
1673 2023 1686 2064 :
1716 1999 1799 2065 de
1824 1997 1926 2065 his
1949 1999 2146 2066 rebus
2176 1998 2354 2065 infra
2376 2020 2436 2081 p.
2463 2001 2541 2064 71
2568 2018 2662 2081 sq.
2694 2004 2951 2083 agetur.

584 2103 944 2169 Varronem
991 2121 1189 2168 unum
1243 2100 1515 2168 afferam
1575 2105 1845 2185 testem,
1906 2100 2020 2181 qui
2072 2102 2154 2167 de
2197 2102 2237 2167 1.
2282 2102 2326 2168 1.
2371 2101 2503 2167 VH
2548 2104 2649 2186 74,
2693 2103 2809 2170 ubi
2869 2104 2950 2169 de

583 2209 842 2273 temone
872 2204 1032 2287 agit,
1078 2204 1294 2270 addit:
1333 2205 1393 2269 is
1420 2206 1585 2269 enim
1615 2205 1882 2269 continet
1910 2205 2129 2288 iuqum
2176 2208 2234 2268 et
2254 2205 2630 2288 plaustrum.
2720 2205 2950 2286 Neque

582 2306 935 2388 quidquam
994 2308 1443 2373 adnotandum
1523 2311 1624 2373 est
1698 2308 1779 2373 de
1832 2306 2109 2387 plaustri
2181 2325 2304 2373 usu
2369 2309 2547 2389 apud
2606 2309 2949 2390 pedestres

583 2410 936 2492 scriptores
980 2410 1229 2492 passim
1259 2410 1484 2492 obvi03
1529 2414 1781 2493 poetae,
1829 2408 2046 2491 qualis
2077 2427 2299 2494 eorum
2343 2429 2479 2476 mos
2524 2416 2643 2494 est,
2688 2410 2950 2492 saepius

579 2512 822 2595 plurali
844 2530 1112 2580 numero
1142 2517 1397 2595 septem
1419 2512 1591 2579 solos
1613 2512 1866 2580 triones
1890 2511 2263 2596 designant,
2292 2517 2368 2580 ut
2391 2511 2627 2581 Avien.
2653 2512 2724 2579 II
2749 2513 2949 2580 123οε

887 2616 1202 2682 Plaustra
1245 2615 1623 2698 Lycaoniae
1666 2616 1893 2697 pulsat
1934 2618 2102 2698 pede
2148 2617 2430 2698 desuper
2459 2615 2690 2684 Ursae.

747 2719 861 2782 Ita
889 2718 1171 2800 vulgare
1218 2721 1321 2782 est
1364 2716 1584 2783 dicere
1624 2719 1917 2800 plaustra
1959 2717 2175 2782 Bootis
2204 2737 2265 2786 v.
2309 2717 2535 2785 Octav.
2580 2720 2738 2801 2343
2798 2719 2945 2786 Sen.

578 2819 749 2884 Med.
780 2820 926 2902 315,
964 2820 1088 2902 Ag.
1122 2819 1236 2900 703
1266 2819 1514 2885 Lucan.
1545 2818 1616 2885 II
1654 2819 1809 2901 7223
1853 2819 2051 2885 Mart.
2084 2819 2253 2886 VIII
2283 2821 2384 2903 21,
2414 2821 2487 2902 33
2532 2819 2704 2887 Stat.
2737 2822 2943 2888 Theb.

579 2919 640 2986 V
683 2921 842 3002 5293
893 2920 1092 2988 Mart.
1136 2920 1290 3004 Cap.
1334 2921 1407 2987 II
1451 2922 1566 3003 983
1610 2921 1847 2990 Avien.
1891 2922 1965 2988 II
2013 2921 2215 3008 143.1)

838 3023 1214 3106 synonyma
1257 3027 1333 3089 ut
1373 3023 1476 3090 ita
1519 3024 1732 3091 dicam
1770 3023 2054 3106 plaustri
2093 3024 2529 3093 inveniuntur
2572 3025 2766 3091 haec:

749 3145 1002 3210 amara,
1047 3146 1147 3190 -ae
1193 3125 1340 3192 fem.
1387 3127 1597 3193 Schol.
1642 3126 1859 3194 Germ.
1905 3147 1965 3209 p.
2012 3128 2111 3212 76,
2156 3129 2192 3193 1
2211 3128 2285 3194 Β.

750 3247 986 3311 arcera,
1031 3249 1130 3293 -ae
1174 3227 1353 3295 fem:
1397 3230 1519 3295 hoc
1556 3228 1714 3310 quid
1757 3229 1850 3296 sit
1890 3231 2082 3297 docet
2125 3230 2291 3297 Gell.
2330 3230 2407 3295 N.
2437 3232 2516 3295 A.
2561 3229 2698 3296 XX
2744 3231 2801 3314 1,
2832 3231 2947 3296 29:

580 3329 848 3413 (arcera)
892 3330 1223 3394 vocabatur
1253 3331 1617 3415 plaustrum
1663 3339 1879 3396 tectum
1931 3331 2207 3417 undique
2270 3337 2326 3396 et
2383 3333 2716 3398 munitum.
2818 3332 2949 3399 Pro

577 3436 831 3514 septem
878 3431 1206 3501 trionibus
1252 3432 1608 3501 adhibetur
1663 3453 1704 3500 a
1747 3433 1823 3517 Q.
1868 3433 2181 3501 Cicerone
2225 3433 2495 3520 (Auson.
2539 3433 2673 3501 VII
2714 3435 2817 3517 26,
2866 3435 2948 3501 18

574 3554 639 3617 p.
684 3535 809 3601 108
825 3534 936 3618 P):
992 3535 1305 3617 fulqeutes
1345 3536 1588 3600 Arcera
1629 3543 1856 3618 septem
1902 3557 2135 3619 mayna
2194 3539 2397 3622 quatit
2438 3536 2668 3604 stellas.
2753 3537 2944 3604 Veri-

576 3634 865 3718 loquium
906 3637 1181 3704 Arcturi
1226 3643 1294 3704 et
1329 3637 1523 3704 Arcti
1570 3640 1656 3706 ab
1701 3657 1936 3705 arcera
1979 3639 2153 3721 petit
2184 3639 2367 3708 Serv.
2413 3645 2586 3706 auct.
2631 3641 2720 3706 ad
2748 3638 2947 3722 Verg.

585 3737 747 3806 Aen.
795 3738 830 3806 I
871 3740 1016 3806 744.

750 3862 991 3927 carrus,
1035 3844 1092 3907 -i
1133 3861 1360 3911 masc:
1420 3842 1751 3926 interpres
1807 3843 2136 3910 recentior
2195 3843 2380 3925 Corp.
2431 3845 2637 3927 gloss.
2678 3844 2797 3911 lat.
2840 3843 2948 3910 III

757 4024 798 4095 ¹)
831 4025 879 4080 B
892 4026 958 4082 ai
971 4043 1040 4083 er
1075 4027 1135 4084 in
1157 4027 1491 4099 Uranologio
1525 4026 1810 4085 contendit
1844 4027 2078 4084 similem
2114 4028 2309 4085 sideris
2333 4028 2752 4100 appellationem
2779 4018 2947 4099 plau-

578 4108 812 4165 striluca
858 4111 1121 4168 inveniri:
1168 4129 1224 4169 v.
1259 4115 1495 4170 Ideler
1530 4114 1565 4171 l.
1594 4115 1631 4170 l.
1679 4131 1732 4184 p.
1763 4114 1883 4170 293.
1966 4115 2120 4182 Quod
2166 4119 2354 4174 tamen
2405 4115 2681 4171 detortum
2728 4107 2948 4171 videtur

577 4195 824 4252 ex‘Mart.
845 4197 976 4267 Cap.
994 4198 1076 4253 IX
1094 4198 1198 4253 912
1219 4191 1585 4269 plaustriluci
1606 4199 1788 4271 ἅρπας
1813 4199 1922 4256 nisi
1946 4204 2095 4256 errat
2118 4200 2262 4257 forte
2284 4201 2480 4271 Ideler,
2505 4216 2634 4256 nam
2656 4200 2716 4256 in
2737 4200 2945 4256 Urano-

576 4281 789 4350 metria,
825 4297 991 4351 quam
1026 4284 1195 4339 solam
1241 4284 1507 4354 inspicere
1551 4285 1734 4355 potui,
1773 4283 2159 4355 plaustricula
2202 4291 2470 4342 memorat
2514 4300 2675 4340 ursae
2726 4283 2945 4340 maioris

577 4382 874 4437 cognomen
908 4384 1037 4438 pag.
1073 4368 1135 4440 35
1171 4375 1234 4425 at
1267 4369 1430 4425 huius
1465 4385 1677 4440 quoque
1706 4370 2093 4441 appellationis
2130 4370 2241 4427 alia
2267 4371 2474 4428 'desunt
2507 4367 2838 4425 testimonia.

678 4468 1309 4525 Religionsgeschichtliche
1336 4469 1580 4517 Versuche
1607 4482 1655 4517 u.
1683 4470 2005 4519 Vorarbeiten
2031 4472 2116 4518 ΠΙ.
2569 4454 2634 4507 Π

626 4589 650 4632 δ
