3576 5085
650 386 778 453 240
1543 382 1849 436 Guilelmus
1883 380 2101 435 Gundel
2859 379 3017 468 [148

646 577 792 624 rum
821 556 1195 623 mortalium
1225 554 1404 621 inter
1442 554 1674 620 stellas
1713 552 1971 619 referri.
2057 551 2298 618 Varios
2327 550 2521 617 huius
2551 551 2651 618 rei
2696 552 3015 619 habemus

647 665 874 743 testeS,
918 678 1190 740 quorum
1229 657 1689 740 gravissimum
1733 655 2004 721 afferam
2049 653 2354 736 Plinium,
2399 654 2551 719 Nat.
2595 653 2748 719 hist.
2791 654 2865 719 II
2893 656 3013 721 93:

648 767 896 827 cometes
935 764 1004 826 in
1050 781 1177 825 uno
1205 762 1393 825 totius
1435 760 1601 823 orbis
1644 759 1771 822 loco
1801 759 2023 821 colitur
2059 758 2130 820 in
2160 756 2379 839 templo
2408 754 2644 819 Romae
2673 756 3015 820 admodum

644 865 901 946 faustus
941 864 1080 928 divo
1107 864 1393 945 Auyusto
1422 862 1738 926 iudicatus
1775 859 1851 923 ab
1895 861 2046 940 ipsc,
2097 859 2209 942 qui
2248 859 2577 939 incipiente
2621 879 2685 921 eo
2715 862 3020 939 apparuit

649 967 815 1032 ludis
859 986 1014 1051 quos
1052 965 1319 1048 faciebat
1360 963 1584 1028 Veneri
1613 963 1925 1027 Genetrici
1967 981 2094 1024 non
2139 961 2331 1025 multo
2368 967 2511 1041 post
2538 960 2767 1024 obitum
2810 963 3017 1041 patris

652 1069 937 1134 Caesaris
978 1072 1048 1133 in
1090 1069 1360 1149 conleyio
1403 1066 1480 1130 ab
1525 1086 1592 1130 eo
1634 1068 1935 1130 instituto,
2021 1063 2309 1146 Namque
2366 1062 2461 1126 his
2504 1063 2702 1126 verbis
2743 1065 2812 1127 in
2855 1085 3016 1145 ρατι-

646 1172 826 1237 dium
861 1173 1104 1254 prodit:
1148 1173 1228 1236 iis
1268 1172 1419 1254 ipsis
1464 1170 1758 1233 ludorum
1785 1187 2060 1231 meorum
2090 1166 2305 1229 diebus
2346 1166 2528 1230 sidus
2556 1168 2860 1229 crinitum
2901 1187 3019 1247 per

646 1282 869 1359 septem
923 1276 1053 1339 dies
1124 1276 1191 1338 in
1250 1275 1495 1356 reqione
1553 1271 1708 1336 caeli
1767 1291 1923 1354 quae
1979 1269 2096 1333 sub
2153 1268 2670 1350 septentrionibus
2728 1274 2817 1333 est
2874 1290 3015 1333 con·-

645 1383 932 1460 spectum.
995 1374 1079 1439 Id
1120 1373 1432 1438 oriebatur
1474 1375 1641 1436 circa
1678 1372 2071 1435 undecimam
2114 1370 2332 1434 horam
2375 1370 2499 1434 diei
2543 1372 2917 1455 clarumque
2959 1379 3017 1435 et

649 1477 931 1542 omnibus
970 1498 1001 1540 e
1043 1477 1230 1541 terris
1278 1478 1678 1555 conspicuum
1733 1476 1879 1554 fuit.
1986 1473 2083 1537 Eo
2126 1473 2321 1536 sidere
2377 1471 2731 1557 siqnificari
2790 1474 3018 1555 vulqus

649 1580 909 1645 credidit
954 1579 1239 1644 Caesaris
1279 1580 1561 1642 animam
1603 1579 1765 1642 inter
1807 1577 2063 1641 deorum
2108 1577 2558 1640 immortalium
2603 1568 2877 1640 numina
2921 1598 3015 1640 re-

649 1692 897 1768 ceptam,
940 1704 1061 1769 quo
1105 1685 1348 1747 nomine
1398 1682 1467 1747 id
1521 1683 1767 1766 insiyne
1809 1680 2146 1745 simulacro
2191 1682 2381 1760 capiti
2439 1682 2585 1761 eius,
2646 1679 2816 1763 quod
2871 1700 3018 1744 mox

645 1790 718 1852 in
756 1788 900 1869 foro
943 1788 1425 1851 consecravimus
1482 1785 1788 1849 adiectum
1850 1791 1954 1848 est.
1967 1784 2017 1866 1)
2121 1782 2375 1865 Quibus
2435 1782 2730 1864 Augusti
2783 1782 3016 1850 verbis

648 1890 1019 1972 explicatur
1047 1889 1255 1972 nobiS,
1300 1890 1612 1970 quomodo
1656 1886 1908 1953 factum
1941 1886 2050 1968 sit,
2095 1890 2170 1951 ut
2201 1885 2415 1967 opinio
2446 1884 2567 1949 illa
2597 1884 2937 1966 popularis
2961 1884 3015 1968 ²)

652 1995 816 2059 adeo
862 1998 1239 2075 augeretur,
1284 1997 1360 2056 ut
1403 1991 1508 2056 vel
1553 1996 1790 2072 poetae
1850 1989 1921 2054 in
1980 1989 2188 2053 doctis
2250 1987 2649 2054 carminibus
2710 2005 2853 2053 eam
2914 2006 3015 2053 re-

649 2095 995 2178 spicerent.
1097 2095 1206 2160 Ita
1250 2093 1583 2176 Vergilius
1644 2092 1945 2157 Caesaris
2006 2092 2265 2157 stellam
2323 2091 2711 2157 mortalibus
2777 2090 3015 2156 saluti-

647 2198 858 2264 feram
900 2198 1208 2263 laudibus
1253 2196 1532 2278 extollit,
1576 2195 1800 2276 Eclog.
1849 2195 1953 2259 IX
1995 2195 2078 2258 47
2097 2213 2271 2275 sqq.:

960 2335 1109 2382 ecce
1153 2314 1516 2380 Dionaeum
1564 2312 1885 2395 processit
1931 2312 2234 2377 Caesaris
2278 2317 2526 2378 astrum

958 2424 1226 2500 astrum,
1273 2435 1398 2497 quo
1443 2422 1703 2499 segetes
1745 2417 2114 2496 gauderent
2156 2413 2463 2496 frugibus
2508 2417 2580 2480 et
2624 2434 2750 2496 quo

960 2522 1227 2587 duceret
1271 2518 1514 2602 apricis
1557 2519 1628 2585 in
1672 2517 1951 2585 collibus
1997 2537 2129 2585 uva
2173 2518 2530 2603 colorem.³)

820 2658 912 2724 Et
955 2658 1254 2740 pluribus
1294 2657 1514 2725 verbis
1560 2656 1837 2723 Ovidius
1899 2654 2253 2736 descripsit
2320 2654 2474 2720 Iulii
2521 2653 2825 2720 Caesaris
2869 2653 3014 2718 sive
3053 2644 3062 2652 ’

651 2762 1179 2828 catasterismum
1238 2761 1380 2827 sive
1423 2760 1826 2841 apotheosin,
1885 2759 2043 2824 Met.
2095 2758 2227 2824 XV
2273 2759 2400 2823 839
2416 2776 2571 2839 sqq„
2628 2756 2740 2822 ubi
2785 2757 3015 2822 Venus

652 2864 809 2930 diva
850 2870 1067 2929 mater
1106 2863 1387 2928 animam
1434 2861 1770 2928 morientis
1817 2879 2035 2927 secum
2082 2861 2308 2926 evehit
2352 2878 2626 2941 eamque
2683 2857 2903 2925 subito
2943 2858 3016 2922 in

652 2968 913 3032 stellam
952 2965 1198 3031 mutari
1235 2964 1475 3030 sentit:

1844 3084 2006 3149 luna
2050 3083 2233 3151 volat
2279 3081 2481 3148 altius
2526 3081 2664 3164 illa,

958 3186 1538 3267 flammiferumque
1582 3188 1855 3252 trahens
1903 3185 2191 3268 spatioso
2230 3184 2441 3250 limite
2488 3183 2735 3250 crinem

958 3291 1159 3357 stella
1210 3289 1492 3375 micam)

820 3427 962 3511 Quo
1008 3434 1227 3494 autem
1271 3429 1458 3494 modo
1512 3429 1599 3493 ad
1644 3426 1947 3493 Caesaris
2008 3424 2375 3507 exemplum
2426 3422 2690 3505 plurimi
2734 3421 3016 3503 impera-

822 3596 865 3665 l)
898 3596 1094 3650 Fusior
1129 3596 1195 3650 de
1230 3595 1418 3650 eadem
1454 3610 1513 3648 re
1547 3600 1632 3650 est
1667 3594 1816 3649 Serv.
1852 3594 1966 3648 Ecl.
2006 3594 2089 3648 IX
2124 3594 2219 3661 463
2256 3592 2383 3648 vide
2419 3592 2587 3647 etiam
2629 3593 2764 3646 Aen.
2791 3591 2874 3645 VI
2896 3589 3015 3644 790.

651 3680 930 3750 Imagines
954 3681 1285 3736 nummarias
1310 3680 1555 3735 Caesaris
1590 3679 1751 3734 stella
1774 3679 1955 3733 ornati
1989 3679 2266 3747 congessit
2289 3695 2340 3733 v.
2365 3679 2419 3732 d.
2454 3679 2494 3732 C
2510 3679 2587 3732 oh
2603 3694 2632 3733 e
2648 3694 2685 3732 n
2720 3674 3017 3731 Monnaies

646 3766 900 3836 frappees
934 3782 1062 3820 sous
1098 3766 1155 3821 la
1208 3765 1412 3834 republ.
1448 3766 1612 3822 Rom.
1651 3766 1681 3819 1
1715 3781 1842 3833 pag.
1882 3765 1964 3819 79.
2975 3834 2979 3838 ι

825 3852 867 3921 ²)
903 3852 1161 3920 Dignites
1207 3868 1344 3922 gens
1390 3852 1656 3920 quaedam
1701 3851 1913 3906 inculta
1960 3850 2230 3918 principes
2278 3849 2338 3903 in
2378 3855 2632 3916 cometae,
2683 3848 2911 3902 clientes
2957 3845 3019 3901 in

649 3937 908 4007 vulgares
943 3938 1130 3991 stellas
1168 3937 1371 3992 mutari
1406 3942 1596 4008 putat3
1634 3954 1684 3992 v.
1722 3937 1773 3992 J.
1813 3936 1876 3990 G.
1914 3936 2169 3990 Mfiller
2204 3935 2239 3989 1.
2278 3936 2314 3989 l.
2351 3951 2479 4004 pag.
2517 3935 2637 3989 256.

823 4022 864 4092 ³)
901 4023 1043 4078 Vide
1079 4039 1218 4091 quae
1254 4024 1321 4077 de
1356 4024 1604 4078 canicula
1639 4022 1878 4076 diximus
1929 4037 2093 4089 supra
2141 4037 2267 4090 pag.
2305 4021 2403 4089 453
2439 4027 2497 4075 et
2532 4019 2781 4093 canicula
2828 4021 2887 4072 et
2932 4032 3019 4071 co-

648 4114 801 4164 meta
834 4126 944 4163 non
979 4124 1190 4176 semper
1225 4109 1490 4176 pestifera
1531 4119 1663 4163 sunt
1698 4107 1938 4161 numina.

822 4195 866 4263 ⁴)
903 4194 1112 4250 Valerii
1145 4194 1371 4248 Maximi
1404 4194 1547 4249 locos
1582 4194 1688 4247 huc
1723 4198 2033 4260 spectantes
2071 4208 2140 4247 ex
2174 4199 2332 4260 parte
2377 4191 2488 4245 iam
2536 4206 2704 4258 supra
2747 4204 2876 4258 pag.
2915 4186 3015 4241 132

652 4281 967 4348 attulimns;
1003 4280 1308 4334 addendum
1344 4284 1430 4334 est
1465 4280 1555 4333 ΙΠ
1579 4280 1627 4348 2,
1656 4278 1721 4331 19
1757 4277 2020 4347 (siderum
2048 4277 2263 4331 clarum
2286 4277 2446 4331 decus
2471 4274 2660 4330 divum
2683 4272 2919 4343 Iulium)
2957 4276 3015 4326 et

652 4366 736 4420 VI
768 4366 816 4435 9,
868 4366 933 4420 15
968 4365 1054 4434 (Ο.
1093 4365 1296 4420 Caesar
1332 4407 1344 4421 .
1383 4408 1396 4421 .
1433 4363 1810 4419 clarissimum
1844 4363 2044 4418 mundi
2078 4362 2273 4432 sidus).
