3576 5085
653 412 778 476 142
1556 409 1859 464 Guilelmus
1895 409 2108 463 Gundel
2844 493 2852 499 ²
2903 411 3020 500 [50

649 599 806 646 ursa
865 582 1157 662 reliquas
1218 581 1462 646 stellas.
1550 580 1652 645 De
1712 581 1838 645 hac
1904 601 1977 646 re
2037 580 2231 662 infra,
2296 581 2411 647 ubi
2458 584 2536 647 de
2597 582 3020 664 opinionibus

648 684 895 765 loquar,
940 684 1152 748 fusius
1200 683 1468 768 agam.¹)

820 785 1421 867 Arctophylax,
1471 787 1625 848 -acis
1655 805 1800 867 gen.
1831 805 1940 851 m.:
1987 805 2220 852 nomen
2254 785 2666 871 ἀρκτοφύλαξ
2712 808 2752 853 a
2800 789 3017 869 poetis⁴

650 889 1049 955 Graecorum
1096 888 1446 970 dactylicis
1482 888 1911 953 adinventum
1956 888 2239 971 videtur,
2284 908 2366 955 ne
2400 909 2658 970 semper
2700 890 3012 973 graviore

647 1009 806 1058 voce
854 990 1209 1072 spondiaca
1254 988 1598 1074 ἀρκτοῦρος
1644 995 2005 1056 uterentur.
2092 992 2369 1075 Primus,
2440 998 2752 1073 quantum
2799 993 3009 1076 vide0,

648 1095 898 1158 Aratus
945 1094 1115 1159 hanc
1160 1093 1667 1174 appellationem
1713 1092 2021 1158 adhibuit
2068 1093 2339 1178 (Phaen.
2384 1096 2511 1179 92),
2575 1101 2782 1161 totum
2827 1096 3010 1162 sidus

649 1197 1000 1278 designare
1059 1196 1346 1276 cupiens.
1463 1196 1652 1260 Unde
1712 1196 1821 1277 fit,
1881 1202 1957 1261 ut
2017 1215 2057 1261 a
2113 1197 2423 1262 Romanis
2485 1218 2737 1279 quoque
2799 1199 3017 1279 poetis

646 1302 1022 1380 usurpetur,
1065 1298 1180 1362 ubi
1226 1299 1306 1362 de
1352 1298 1565 1363 sidere
1611 1303 1837 1379 agunt.
1926 1299 2187 1364 Primus
2250 1319 2471 1365 eorum
2518 1301 2742 1367 Cicero
2792 1309 2894 1367 est
2938 1302 3009 1367 111

648 1399 933 1482 ArateiS,
978 1420 1037 1466 V.
1085 1419 1134 1464 c.
1180 1399 1372 1482 frgm.
1423 1401 1519 1481 16,
1555 1403 1588 1464 1
1625 1430 1708 1454 =
1741 1403 1821 1465 de
1866 1406 1999 1465 nat.
2050 1402 2220 1466 deor.
2263 1403 2335 1467 II
2384 1405 2539 1468 109:

947 1502 1402 1583 Arctophylax
1447 1503 1645 1584 vulgo
1690 1502 1804 1582 qui
1849 1503 2093 1567 dicitur
2139 1522 2283 1569 esse
2331 1505 2582 1571 Bootes.

815 1604 917 1669 De
991 1603 1261 1684 reliquis
1321 1604 1514 1668 huius
1572 1604 1851 1669 nominis
1910 1604 2135 1670 formis
2198 1611 2265 1671 et
2312 1607 2706 1673 testimoniis
2767 1611 3009 1676 iterum

649 1709 732 1772 ad
764 1708 954 1772 Thes,
985 1706 1143 1787 ling.
1174 1707 1287 1770 lat.
1311 1707 1535 1788 relego
1566 1708 1691 1771 vol.
1719 1707 1791 1771 II
1814 1707 2016 1791 47O.2)
2080 1709 2366 1789 Cumque
2402 1712 2578 1790 apud
2607 1716 2834 1791 poetas
2867 1712 3010 1778 fere

646 1811 815 1875 solos
840 1810 1216 1891 reperiatur
1238 1810 1404 1873 haec
1428 1827 1573 1890 vox,
1603 1827 1730 1873 non
1753 1810 1997 1892 dubit0,
2030 1811 2185 1890 quin
2209 1830 2327 1891 per
2346 1812 2571 1892 poesin
2595 1815 2759 1879 sein
2784 1834 3008 1881 recen-

646 1913 883 1979 tiorum
947 1912 1208 1994 linguas
1269 1911 1740 1992 introduxerit,
1803 1930 2073 1992 quarum
2134 1913 2381 1978 habent
2440 1915 2745 1997 Hispana
2789 1917 3010 1982 Arcto'-

641 2014 813 2098 filax,
865 2014 1369 2096 Francogallica
1412 2013 1853 2096 Arctophylaoe,
1906 2015 2082 2080 Itala
2127 2016 2513 2096 Arctofilczce.

817 2119 1007 2182 Hanc
1033 2117 1535 2197 appellationem
1563 2116 1985 2197 compositam
2012 2136 2154 2183 esse
2179 2137 2298 2199 per
2322 2117 2539 2204 ἀρκτο-
2566 2127 2635 2187 et
2658 2121 2870 2204 φύλαξ
2890 2142 3016 2202 per

645 2239 714 2285 se
737 2223 942 2301 patet.
990 2219 1210 2300 Quare
1236 2220 1315 2284 de
1340 2218 1700 2298 veriloquio
1725 2219 1890 2284 nihil
1915 2221 2283 2285 addendum
2308 2229 2423 2287 est.
2455 2223 2557 2287 De
2582 2224 2760 2302 quali
2784 2230 3002 2288 autem

646 2340 838 2388 ursae
871 2322 1166 2387 custodia
1196 2326 1458 2387 veteres
1491 2321 1938 2402 cogitaverint
1967 2321 2144 2387 infra
2166 2324 2353 2389 nobis
2378 2325 2508 2388 erit
2532 2325 3007 2405 explicandum.

818 2424 1145 2505 BooteS,
1193 2443 1292 2486 -ae
1335 2424 1444 2490 vel
1492 2443 1580 2486 -cs
1622 2443 1767 2506 gen.
1817 2423 1989 2509 m.⁸):
2036 2427 2397 2506 appellatio
2436 2426 2590 2492 item
2637 2446 2718 2492 ex
2763 2447 3006 2510 graeco

645 2546 940 2594 sermone
984 2527 1254 2608 hausta,
1323 2526 1522 2592 obvia
1567 2527 1845 2608 primum
1905 2529 2080 2609 apud
2140 2528 2493 2594 Homerum
2554 2529 2692 2613 (Od.
2739 2531 2799 2596 V
2843 2533 3001 2598 272:

647 2628 775 2714 ὀψὲ
819 2629 1047 2693 δύοντα
1105 2633 1410 2715 Βοώτην),
1479 2649 1645 2711 quae
1707 2631 1863 2711 quia
1924 2636 2145 2712 aptam
2215 2633 2582 2697 hexametri
2643 2634 3001 2700 clausulam

645 2734 1010 2815 efficiebat,
1081 2738 1354 2814 accepta
1415 2738 1516 2798 est
1576 2735 1661 2799 ab
1721 2735 1924 2799 Arato
1985 2735 2253 2818 (Phaen.
2320 2735 2428 2820 92)
2505 2741 2574 2800 et
2631 2755 2748 2817 per
2804 2737 3006 2803 Arati

645 2836 1044 2917 interpretes
1088 2839 1173 2901 ad
1218 2835 1494 2901 Latinos
1540 2836 1862 2920 pervenit,
1923 2856 2191 2918 quorum
2236 2841 2473 2918 poetae
2534 2843 2603 2903 et
2663 2839 2795 2920 ipsi
2853 2840 3012 2906 inde

644 2960 685 3004 a
723 2939 1032 3005 Cicerone
1080 2939 1292 3022 (Arat.
1320 2939 1360 3004 l.
1385 2939 1451 3024 l.)
1493 2958 1699 3019 usque
1738 2941 1823 3005 ad
1856 2939 2289 3004 Claudianum
2322 2941 2517 3022 (XXI
2551 2943 2699 3026 123)
2744 2962 3010 3010 versum

643 3043 890 3108 Bootae
935 3042 1192 3107 nomine
1240 3042 1547 3106 claudere
1592 3042 1979 3107 didicerunt.
2069 3043 2163 3108 Ut
2211 3043 2492 3108 Homero
2535 3048 2603 3109 et
2641 3045 2867 3127 Arat0,
2912 3046 3018 3111 sic.

644 3144 956 3210 Romanis
1001 3144 1329 3224 plerisque
1360 3144 1486 3208 hac
1515 3162 1673 3210 voce
1700 3144 1900 3226 siduS,
1944 3163 2069 3210 non
2104 3146 2303 3210 stella
2334 3146 2763 3229 intellegitur,
2802 3148 3008 3213 solum

643 3247 1020 3311 Martianus
1060 3245 1331 3325 Capella
1376 3246 1544 3311 VIII
1588 3248 1712 3312 832
1761 3251 1831 3312 et
1875 3247 2168 3313 Isidorus
2216 3250 2295 3313 de
2341 3253 2478 3313 nat.
2524 3268 2650 3314 rer.
2693 3250 2941 3317 XXVI-
2965 3253 3012 3317 5-

641 3348 866 3411 Bootis
895 3347 1036 3413 sive
1065 3348 1324 3411 Bootem
1353 3349 1591 3411 stellam
1631 3355 2150 3432 commemorant,
2196 3370 2392 3430 quam
2423 3350 2492 3415 in
2523 3353 3010 3435 Arctophylace

644 3450 878 3531 posuit.
968 3451 1305 3515 Interdum
1351 3450 1570 3533 etiam,
1632 3454 1803 3531 quod
1866 3471 1946 3516 ex
1990 3452 2276 3518 Arcturo
2339 3471 2484 3517 cum
2545 3472 2702 3520 ursa
2761 3456 3013 3522 maiore

646 3553 909 3619 confuso
969 3554 1381 3636 sequebatur,
1445 3555 1824 3619 habebatur
1881 3574 1999 3636 pro
2058 3574 2214 3621 ursa
2279 3555 2546 3621 minore.
2650 3557 2848 3623 Cuius
2907 3559 3006 3625 rei

819 3707 860 3775 1)
895 3706 1014 3760 Iam
1063 3707 1151 3760 hic
1197 3712 1382 3761 tamen
1428 3707 1630 3761 reicere
1676 3707 1830 3762 lubet
1875 3708 2201 3762 Buttmanni
2250 3708 2612 3763 coniecturam
2658 3711 3007 3767 artificiosam

645 3792 806 3846 nimis
843 3798 901 3846 et
936 3791 1333 3861 excogitatam:
1382 3793 1509 3845 Den
1554 3792 1981 3846 Bc'iremvc'ichter
2017 3793 2145 3847 aber
2179 3796 2391 3848 maante
2439 3811 2573 3848 man
2620 3794 2803 3849 diesen
2840 3798 3009 3851 δέω-π

645 3876 782 3931 ohne
827 3877 1055 3945 Zweifel
1106 3894 1219 3931 mer
1266 3894 1368 3932 aus
1416 3878 1565 3932 einer
1607 3878 1954 3946 praktischen
2013 3878 2237 3948 Ursach,
2292 3879 2563 3934 nehmlich
2608 3881 2731 3935 weil
2777 3898 2836 3935 er
2888 3882 3010 3937 dem

655 3962 966 4032 Unyeio'bten
1002 3962 1197 4032 cliente,
1234 3963 1320 4017 dic
1356 3962 1472 4017 dem
1503 3963 1734 4031 Schiffer
1769 3980 1828 4018 3ο
1864 3964 2149 4034 wichtiqen
2172 3966 2361 4019 Bc‘t'ren
2398 3966 2601 4020 schnell
2635 3966 3006 4036 aufzufimlen.

819 4049 860 4115 2)
897 4048 1085 4115 Neque
1140 4064 1313 4103 moror
1359 4049 1416 4103 in
1463 4050 1576 4104 levi
1623 4049 1893 4104 scribendi
1940 4050 2168 4104 rationis
2223 4051 2507 4121 varietate,
2558 4054 2713 4107 velut
2758 4055 2887 4109 Arc
2908 4060 3018 4107 to·-

643 4133 898 4203 philax
924 4134 1134 4202 (Avien.
1161 4135 1220 4187 II
1244 4135 1347 4187 257
1383 4140 1439 4188 et
1476 4135 1635 4188 schol.
1663 4134 1843 4189 Germ.
1869 4137 2025 4191 Arat.
2069 4153 2117 4204 p.
2146 4136 2262 4206 114,
2291 4138 2356 4189 19
2369 4137 2435 4206 Β)
2461 4144 2560 4192 aut
2588 4139 3010 4206 Arctofylax

645 4221 813 4290 (Serv.
851 4219 910 4273 in
948 4220 1114 4288 Verg.
1152 4220 1348 4289 Georg.
1386 4221 1415 4273 I
1450 4220 1553 4288 67).

819 4306 859 4375 3)
895 4307 978 4360 De
1015 4306 1248 4374 singulis
1283 4306 1471 4360 formis
1506 4306 1667 4361 huius
1703 4308 1853 4362 vocis
1884 4309 2028 4377 apud
2053 4309 2322 4364 Romanos
2348 4309 2521 4364 obviis
2547 4327 2596 4364 v.
2634 4308 3016 4364 Sniehotta

642 4393 676 4446 1.
715 4394 751 4448 1.
789 4409 916 4461 pag.
953 4392 1036 4445 36.
