3576 5085
765 415 897 481 210
1669 410 1975 466 Guilelmus
2010 410 2225 465 Gundel
2983 406 3139 494 [118

943 583 1334 650 Notissimus
1379 601 1538 649 vero
1597 583 1940 648 stellarum
1999 585 2212 647 motus
2272 580 2450 663 est,1)
2510 578 2622 660 qui
2674 579 2883 646 variis
2926 578 3139 645 modis

767 686 1174 769 exprimitur.
1292 685 1547 770 Quibus
1623 685 1885 751 dicendi
1943 683 2239 750 formulis
2312 682 2611 748 omnibus
2671 681 2740 747 id
2799 700 3138 747 commune

766 790 1050 871 videtur,
1095 791 1263 870 quod
1294 787 1486 855 hodie
1516 787 1705 854 nobis
1735 793 2074 868 poetarum
2106 786 2297 851 flores
2341 785 2670 866 videntur,
2714 784 2868 850 olim
2914 788 3138 849 autem

768 892 840 958 in
884 910 1178 958 sermone
1221 890 1446 972 populi
1490 909 1621 956 non
1651 889 2073 956 tralationem
2108 889 2433 968 quandam
2464 889 2581 953 sed
2625 887 2956 968 propriam
2999 886 3137 953 vim

766 995 1160 1061 habuerunt.
1248 997 1472 1074 Atque
1515 993 1797 1074 primum
1842 992 2104 1072 quidem
2146 991 2380 1056 stellae
2426 999 2645 1057 eunt.
2747 988 2934 1073 Quod
2992 993 3137 1054 tam

752 1116 968 1178 saepe
1010 1097 1279 1180 legitur,
1337 1100 1415 1162 ut
1459 1114 1658 1161 unum
1717 1095 2082 1175 exemplum
2127 1092 2434 1159 attulisse
2491 1091 2797 1158 sufficiat.
2887 1091 3140 1157 Seneca

754 1200 934 1266 -dicit
979 1201 1059 1266 de
1104 1199 1435 1265 sideribus
1483 1200 1564 1264 de
1609 1197 1823 1265 benef.
1852 1198 1949 1263 VI
1980 1198 2095 1262 22:
2141 1217 2312 1260 nunc
2353 1196 2616 1260 alternis
2659 1201 2807 1259 eunt
2850 1186 3147 1258 redemti-⁴

754 1322 889 1386 ‚que
931 1304 1257 1382 oportunis
1300 1302 1684 1366 libramentis
1727 1351 1741 1365 .
1787 1352 1802 1366 .
1847 1305 2032 1383 atque
2073 1306 2215 1363 eant
2250 1301 2319 1362 in
2352 1318 2552 1362 unum
2581 1299 2793 1361 omnia
2825 1349 2840 1363 .
2872 1349 2886 1364 .
2918 1348 2933 1363 .
2961 1304 3139 1360 eunt-

768 1424 886 1487 que
926 1406 1052 1467 ista
1095 1408 1205 1467 tua
1248 1403 1514 1488 causa.2)
1602 1403 1717 1467 Ita
1760 1402 2033 1468 cottidie
2077 1401 2267 1484 ignes
2313 1401 2634 1467 caelestes
2677 1400 2945 1482 longum
3002 1400 3143 1464 iter

766 1505 1133 1588 perficiunt.
1235 1505 1424 1587 Quod
1483 1490 1979 1570 considerantes
2036 1510 2272 1585 poetae
2332 1504 2628 1570 diversas
2685 1521 2795 1568 res
2854 1502 3141 1567 laudare

750 1612 1110 1689 poterant:
1155 1613 1274 1674 aut
1315 1609 1603 1674 siderum
1647 1613 1956 1673 naturam
2001 1606 2370 1688 caelestem,
2413 1624 2584 1687 quae
2629 1624 2977 1685 numquam
3021 1606 3137 1670 de-

767 1710 1111 1794 fatigatur,
1155 1715 1272 1776 aut
1316 1710 1577 1777 itineris
1623 1709 1959 1793 ambitum,
2019 1708 2130 1790 qui
2193 1709 2303 1776 vel
2358 1709 2589 1775 stellas
2635 1709 2850 1774 lassas
2893 1707 3140 1773 reddit.

769 1813 1133 1894 Utriusque
1162 1813 1441 1879 rationis
1471 1813 1771 1895 exempla
1800 1817 2064 1894 praesto
2110 1816 2282 1877 suut.
2341 1812 2596 1877 Aether
2627 1811 2872 1876 dicitur
2900 1829 3140 1891 rapere

766 1917 1083 1998 indefessa
1128 1917 1411 1981 volventis
1452 1916 1659 1980 sidera
1704 1916 1932 1979 mundi
1990 1915 2210 1999 (carm.
2259 1916 2338 1980 de
2396 1914 2795 1996 ponderibus
2838 1913 3026 1979 PLM
3072 1914 3140 1978 V

768 2038 914 2101 pag.
962 2022 1043 2084 72
1089 2038 1150 2084 v.
1196 2020 1280 2102 5),
1339 2021 1455 2084 sed
1499 2018 1717 2084 altera
1763 2038 1845 2084 ex
1903 2022 2097 2099 parte
2141 2018 2351 2080 omnia
2390 2017 2557 2097 fessa
2600 2016 2809 2080 domat
2852 2017 3139 2079 caelestia

766 2122 978 2185 sidera
1035 2141 1291 2185 somnus
1333 2121 1705 2206 (Aegritud.
1736 2120 2090 2186 Perdiccae
2135 2120 2319 2185 PLM
2366 2121 2426 2185 V
2478 2138 2626 2201 pag.
2674 2120 2797 2184 117
2857 2137 2920 2184 v.
2968 2118 3140 2200 108).

751 2225 990 2304 ‚Atque
1035 2224 1158 2290 hoc
1202 2223 1459 2304 quidem
1505 2225 1779 2288 Graecis
1826 2222 2054 2288 deberi
2114 2222 2399 2305 videtur,
2460 2221 2573 2302 qui
2632 2221 2863 2287 stellas
2922 2222 3139 2286 eundo

768 2325 978 2392 fessas
1020 2326 1091 2392 in
1136 2325 1423 2392 Taenari
1465 2325 1913 2407 promunturio
1958 2325 2248 2391 residere
2307 2325 2638 2406 putabant
2698 2329 2874 2390 teste
2918 2323 3138 2390 Statio

768 2427 1000 2513 (Theb.
1045 2429 1116 2494 H
1158 2429 1301 2512 35):

1077 2570 1217 2631 stat
1261 2565 1558 2632 sublimis
1604 2585 1771 2648 apex
1817 2570 2179 2645 ventosque
2222 2565 2596 2646 imbresque
2643 2584 2915 2630 serenus

1077 2669 1359 2750 despicit
1406 2675 1475 2734 et
1519 2674 1779 2735 tantum
1828 2669 2021 2734 fessis
2067 2669 2380 2734 insiditur
2424 2668 2700 2750 astriS.²³)

769 2805 876 2870 Ad
906 2808 1077 2871 hunc
1099 2811 1385 2871 meatum
1410 2806 1692 2871 siderum
1719 2805 2058 2887 pertinent
2083 2824 2164 2870 ea
2187 2824 2440 2886 quoque
2471 2804 2837 2886 enuntiata,
2861 2823 3025 2885 quae
3051 2807 3134 2870 de

924 3028 982 3096 ⁴¹)
1019 3027 1126 3082 Ubi
1162 3034 1313 3082 astra
1350 3028 1607 3082 dicuntur
1648 3027 1857 3082 stantia
1904 3028 2020 3082 sive
2066 3027 2213 3081 caelo
2261 3028 2443 3096 affixa,
2492 3044 2704 3096 semper
2749 3029 2864 3082 fere
2911 3032 3129 3083 tant-um

764 3113 1001 3167 ‘erratica
1035 3129 1142 3167 non
1178 3128 1295 3167 esse
1330 3112 1692 3182 significatur.
1763 3113 1901 3167 Nam
1939 3113 2302 3167 Romanorum
2340 3122 2425 3167 est
2466 3113 2646 3181 opinio
2682 3114 2870 3167 stellas
2907 3128 3013 3166 non
3048 3129 3132 3168 re·-

768 3213 984 3252 manere
1019 3197 1260 3253 interdiu
1296 3199 1352 3252 in
1377 3200 1523 3253 caelo
1547 3199 1642 3253 sed
1678 3199 1845 3253 solem
1869 3199 2147 3267 fugientes
2182 3200 2249 3252 de
2279 3200 2390 3253 solo
2425 3199 2650 3253 caelesti
2674 3199 2945 3253 decedere.
3016 3199 3132 3253 Hoc

763 3282 901 3336 satis
937 3291 1163 3351 apparet
1198 3300 1267 3338 ex
1302 3284 1604 3339 enuntiatis
1652 3284 1849 3352 quibus
1898 3300 2117 3339 occasus
2163 3284 2503 3352 exprimitur.
2587 3285 2669 3338 De
2716 3284 2802 3338 his
2849 3290 3131 3351 tamqnam

766 3369 1097 3423 transeundo
1150 3385 1394 3424 moneam
1449 3386 1535 3425 me
1585 3370 1845 3425 fusiorem
1899 3386 2006 3424 non
2060 3369 2257 3438 fuisse,
2321 3369 2575 3436 quoniam
2611 3370 2799 3447 ‚plura
2856 3369 3133 3438 congessit

763 3454 828 3508 B.
869 3455 1161 3510 Winand
1207 3455 1602 3511 Vocabulorum
1649 3473 1788 3524 quae
1834 3456 1909 3510 ad
1944 3459 2175 3510 mortem
2209 3458 2462 3524 spectant
2493 3454 2748 3526 histo-ria,
2797 3455 2923 3510 diss.
2959 3454 3130 3509 Marb.

761 3538 904 3592 1906
938 3557 988 3606 p.
1015 3540 1209 3607 6lsqq.
1237 3570 1303 3579 —-
1328 3542 1517 3608 Neque
1552 3557 1680 3596 vero
1718 3543 1919 3596 desunt
1955 3543 2204 3610 exempla
2241 3542 2334 3595 ubi
2358 3557 2551 3596 revera
2576 3547 2634 3596 et
2657 3541 2899 3594 interdiu
2936 3541 3134 3595 stellae

765 3623 826 3677 in
860 3625 1009 3678 caelo
1033 3632 1245 3680 stantes
1282 3626 1554 3694 dicuntur,
1590 3627 1840 3695 inprimis
1865 3627 2289 3695 septentriones3
2326 3626 2483 3681 cuius
2516 3626 2782 3694 opinionis
2819 3626 3133 3681 testimonia

767 3726 931 3779 supra
978 3727 1105 3779 pag.
1143 3712 1208 3764 77
1223 3728 1299 3779 sq.
1338 3718 1656 3767 enumerata
1690 3719 1837 3767 sunt.
1920 3713 2337 3779 Nonnumquam
2387 3718 2444 3767 et
2479 3711 2619 3766 aliae
2655 3713 2847 3767 stellae
2884 3713 2941 3767 in
2983 3711 3130 3766 caelo

765 3801 1109 3851 remanentes
1166 3798 1259 3851 sed
1318 3797 1447 3852 solis
1489 3798 1772 3866 splendore
1820 3798 2047 3853 obrutae
2094 3798 2379 3866 dicuntur,
2441 3813 2580 3865 quae
2626 3798 2808 3852 subito
2856 3798 3131 3853 elucentes

765 3880 1184 3948 conspiciuntur.
1255 3884 1419 3938 Libet
1453 3883 1614 3938 huius
1650 3883 1919 3952 opinionis
1955 3889 2152 3938 testem
2176 3884 2486 3953 Vergilium
2523 3884 2730 3951 afferre,
2768 3883 2862 3951 qui
2888 3886 3022 3938 Aen.
3047 3883 3131 3937 IX

765 3965 836 4020 20
869 3966 1030 4021 dicit:
1077 3967 1316 4022 medium
1360 3968 1514 4022 video
1560 3968 1828 4023 discedere
1876 3969 2085 4023 caelum
2127 3971 2134 4037 Ι
2175 3969 2526 4037 palantisque
2551 3970 2681 4038 polo
2716 3969 2919 4027 stellas.
2990 3969 3130 4023 Vide

764 4051 934 4105 etiam
970 4051 1120 4108 Serv.
1157 4054 1227 4106 ad
1263 4054 1396 4109 Aen.
1433 4056 1491 4108 ῘΙ
1529 4054 1644 4108 152.
1716 4055 1978 4109 Similiter
2011 4061 2270 4109 narratur
2305 4072 2339 4109 a
2374 4055 2660 4110 Germanis
2694 4056 2880 4110 eodem
2916 4069 3131 4122 semper

764 4136 878 4191 loco
914 4138 1100 4193 sedere
1134 4139 1313 4193 sidera
1348 4155 1519 4207 eaque
1553 4140 1612 4194 in
1650 4140 1799 4194 sellis
1835 4140 2032 4207 aureis,
2069 4157 2121 4196 v.
2157 4141 2210 4196 J.
2247 4141 2502 4196 Grimm
2538 4142 2573 4195 l.
2606 4158 2648 4194 c.
2685 4157 2813 4209 pag.
2849 4139 2968 4193 584.

939 4222 983 4291 ²)
1022 4224 1107 4277 Ad
1155 4225 1381 4278 eandem
1429 4225 1818 4294 cogitationem
1868 4232 2124 4295 spectant
2170 4227 2460 4281 enuntiata
2507 4228 2689 4281 velut:
2749 4227 2985 4279 curmmt
3030 4224 3132 4280 Ov.

763 4308 916 4363 Fast.
950 4309 1040 4362 III
1077 4309 1190 4377 111,
1228 4326 1423 4364 cursus
1457 4313 1633 4380 ayunt
1667 4312 1788 4367 Sen.
1826 4312 1984 4366 Herc.
2022 4312 2128 4367 fur.
2166 4313 2283 4366 929.

941 4392 981 4463 ⁸)
1018 4394 1157 4448 Vide
1192 4395 1323 4461 quid
1359 4396 1424 4450 de
1459 4396 1702 4451 Ianiculo
1738 4413 1902 4466 snpra
1937 4414 2064 4466 pag.
2103 4397 2204 4451 115
2240 4397 2363 4452 adn.
2400 4398 2434 4449 ὃ
2469 4396 2716 4452 dixerim.
