3576 5085
535 440 645 530 37]
984 441 1066 495 De
1102 440 1382 495 stellarum
1421 439 1792 508 appellatione
1830 443 1887 494 et
1923 439 2187 509 religione
2222 410 2470 494 Romana
2692 477 2697 481 -
2779 443 2905 507 129

536 615 656 679 illa
714 610 977 678 nomina
1035 609 1255 677 omnia
1313 609 1671 675 incertiora
1730 610 1933 692 dicat,
1994 629 2126 694 ego.
2176 610 2245 675 in
2313 630 2385 677 re
2453 617 2588 677 tam
2648 611 2907 685 lubrica

532 715 895 796 periculum
939 712 1165 779 facere
1209 731 1340 779 non
1386 715 1613 794 audeo,
1657 712 1968 793 vocisque
2016 713 2202 779 canis
2237 713 2557 797 originem
2601 713 2672 779 in
2704 713 2904 780 dubio

531 818 846 898 relinquo.

703 919 1075 986 Deficiente
1091 917 1303 1002 igitur
1318 914 1682 996 veriloquio
1700 915 1969 980 aliunde
1994 914 2184 980 nobis
2210 914 2529 980 auxilium
2552 919 2904 996 petendum

533 1030 636 1090 est
697 1022 1194 1104 quaerentibus,
1252 1021 1568 1101 quomodo
1619 1018 1872 1086 factum
1932 1017 2053 1099 sit,
2112 1023 2190 1084 ut
2247 1037 2480 1085 nomen
2555 1019 2736 1088 canis
2796 1020 2905 1087 vel

531 1127 876 1195 caniculae
921 1125 1120 1191 stella
1163 1127 1233 1191 et
1278 1123 1539 1207 signum
1585 1122 2136 1204 adipiscerentur.
2223 1122 2365 1189 Iam
2411 1127 2581 1196 sunt,
2629 1123 2743 1203 qui
2787 1141 2905 1188 nos

532 1232 617 1297 ad
664 1230 1064 1297 Graecorum
1121 1226 1386 1295 fabulas
1438 1227 1741 1308 relegent
1757 1250 1773 1293 :¹
1830 1231 2133 1293 veterum
2195 1225 2341 1291 dico
2392 1227 2675 1293 Aratum
2736 1226 2905 1293 eius-

534 1352 665 1414 que
707 1332 1113 1412 interpretes
1134 1329 1185 1414 1)
1231 1330 1607 1397 Ciceronem
1651 1329 2116 1397 Germanicum
2162 1328 2489 1396 Avienum
2538 1333 2607 1395 et
2651 1329 2906 1411 mytho·

535 1436 856 1519 graphOS‚
927 1452 1197 1515 quorum
1271 1433 1610 1516 Hyginum
1678 1432 2066 1498 nominatim
2139 1432 2379 1513 affer03
2447 1433 2563 1512 qui
2628 1436 2908 1499 narrant

534 1538 838 1605 Orionem
882 1542 1261 1604 venatorem
1301 1555 1446 1602 cum
1492 1553 1657 1602 cane
1688 1534 1996 1603 venatico
2040 1534 2217 1601 inter
2259 1535 2481 1601 sidera
2522 1535 2907 1600 collocatum

533 1660 693 1709 esse.
781 1640 969 1723 Quod
1013 1639 1415 1706 recentiores
1474 1638 1775 1704 nonnulli
1834 1639 1936 1704 ita
1993 1643 2407 1720 receperunt,
2465 1642 2544 1703 ut
2606 1638 2908 1705 dicerent

532 1748 797 1812 veteres
850 1748 1196 1824 postquam
1241 1742 1547 1808 Orionem
1606 1741 1674 1806 in
1721 1741 1902 1808 caelo
1949 1741 2327 1822 conspicere
2389 1739 2907 1823 consuevissent,

534 1866 762 1913 canem
806 1839 946 1913 eius
989 1845 1060 1911 in
1103 1845 1397 1926 proximo
1427 1844 1843 1923 quaesivisse
1888 1846 1959 1908 et
1988 1842 2484 1927 constituisse.²)
2575 1843 2706 1908 Sed
2747 1843 2909 1909 licet

532 1950 658 2015 hac
697 1946 1251 2028 interpretatione
1296 1945 1529 2012 melius
1587 1945 2059 2027 intellegamus
2105 1944 2704 2012 Alexandrinorum
2763 1963 2905 2014 car·

535 2050 732 2131 mina,
795 2052 879 2115 ad
923 2049 1360 2117 definiendam
1405 2049 1840 2117 Romanorum
1903 2047 2420 2129 appellationem
2479 2047 2650 2114 nihil
2708 2048 2907 2130 valet,

535 2152 854 2234 siquidem
898 2159 1082 2218 recte
1121 2150 1626 2234 disputavimus,
1672 2151 1803 2216 iam
1834 2149 2073 2231 priscis
2104 2151 2299 2217 Italis
2345 2169 2487 2217 eam
2526 2150 2907 2217 innotuisse.

536 2255 647 2321 Illi
705 2255 877 2321 enim
937 2254 1240 2321 Orionem
1315 2253 1572 2320 omnino
1632 2272 1761 2319 non
1820 2258 2180 2336 noverunt,
2242 2273 2385 2320 cum
2446 2254 2589 2321 eius
2646 2254 2908 2334 signum

532 2359 793 2441 iugulas
840 2357 1273 2439 appellarent.
1361 2357 1595 2438 Itaque
1641 2356 1750 2423 vel
1797 2375 2027 2423 canem
2073 2357 2217 2422 eius
2261 2357 2681 2439 ignorabant.

706 2461 837 2527 Sed
880 2466 1094 2527 restat
1137 2460 1275 2526 alia
1334 2459 1714 2542 explicandi
1780 2459 1909 2526 via.
2012 2460 2084 2525 Si
2143 2479 2272 2525 non
2319 2458 2603 2541 Orionis,
2661 2458 2909 2525 nullius

535 2565 779 2632 domini
810 2565 994 2632 canis
1025 2569 1189 2647 erat,
1237 2569 1311 2632 at
1340 2584 1486 2630 eum
1516 2565 1663 2630 ideo
1695 2566 1818 2630 hoc
1861 2564 2120 2630 nomine
2166 2564 2692 2647 appellaverant,
2738 2564 2908 2644 quod

532 2668 709 2734 illius
764 2669 996 2736 stellae
1057 2668 1240 2734 canis
1292 2668 1648 2750 imaginem
1693 2669 2187 2766 componebant.
2277 2668 2467 2732 Hanc
2509 2666 2908 2734 sententiam

534 2771 805 2836 ultimus
863 2770 1161 2836 defendit
1218 2770 1351 2836 Th.
1410 2770 1877 2835 Buttmann
1963 2754 2124 2834 Uber
2182 2769 2283 2831 die
2341 2768 2736 2851 Entstelmnq
2796 2768 2911 2832 cler

536 2871 922 2935 Sternbilder
980 2872 1104 2952 auf
1171 2870 1283 2936 der
1335 2870 1752 2953 ym'echischen
1811 2871 2053 2952 Sphc‘ire
2117 2872 2188 2936 in
2249 2871 2439 2937 Actis
2511 2871 2906 2940 Academiae

536 2973 983 3039 Berolinensis
1017 2975 1186 3039 1826
1213 2993 1365 3056 pag.
1397 2975 1499 3056 30,
1545 2973 1658 3055 qui
1687 2979 1884 3055 putat
1914 2973 2232 3055 perfacile
2277 2974 2348 3039 in
2394 2975 2575 3040 caelo
2603 2974 2906 3056 cognosci

539 3094 728 3156 posse
773 3075 955 3142 canis
1001 3076 1292 3142 sedentis
1336 3076 1687 3160 imaginem
1734 3082 1935 3158 atque
1976 3077 2122 3143 ideo
2167 3077 2427 3159 signum
2473 3096 2514 3144 a
2563 3077 2907 3144 veteribus

539 3179 946 3259 appellatum
994 3198 1155 3245 esse.
1246 3180 1375 3245 Sed
1419 3180 1583 3246 haec
1626 3179 1848 3260 opinio
1907 3180 2037 3245 iam
2085 3199 2159 3246 eo
2220 3180 2573 3262 refutatur,
2619 3182 2790 3261 quod
2833 3179 2904 3248 in

532 3282 953 3363 antiquorum
1012 3281 1263 3348 chartis
1325 3283 1508 3348 canis
1570 3283 1874 3348 caelestis
1934 3302 2061 3348 non
2122 3285 2388 3365 80110118,
2455 3284 2569 3348 sed
2629 3302 2904 3350 currens

531 3487 819 3555 splendeat
853 3486 1144 3555 significet,
1184 3504 1235 3543 v.
1272 3488 1340 3541 H.
1381 3488 1646 3541 Usener
1681 3487 1918 3541 Kallone
1953 3488 2089 3541 Mus.
2118 3488 2290 3542 Rhen.
2323 3488 2517 3542 XXIII
2543 3488 2675 3542 1868
2712 3504 2764 3555 p.
2799 3488 2908 3542 338

532 3572 655 3627 adn.
692 3573 776 3625 65.
848 3571 951 3627 Sed
998 3588 1067 3626 ne
1115 3572 1215 3626 hoc
1268 3572 1486 3640 quidem
1532 3578 1742 3627 certum
1793 3577 1877 3627 est
1923 3573 2012 3640 (H.
2051 3573 2367 3642 Osthofs,
2415 3572 2605 3641 Etym.
2653 3573 2904 3644 Parcrya

531 3675 582 3725 p.
623 3657 903 3726 199sqq.)‚
951 3658 1083 3714 licet
1129 3664 1344 3713 veteres
1393 3659 1756 3728 grammatici,
1812 3658 1907 3726 qui
1943 3659 2011 3712 de
2046 3658 2257 3727 origine
2293 3660 2486 3713 stellae
2522 3659 2903 3727 appellationis

533 3743 895 3812 scripserunt,
945 3744 1147 3799 similia
1194 3744 1587 3813 cogitaverint:
1637 3743 1854 3798 derivat
1902 3743 2046 3798 enim
2093 3745 2336 3799 Isidorus
2401 3744 2552 3814 Orig.
2590 3745 2678 3799 III
2713 3746 2781 3798 70
2820 3745 2903 3814 14,

535 3845 720 3881 canem
758 3830 974 3884 stellam
1011 3847 1044 3884 a
1080 3828 1314 3884 candore
1349 3830 1588 3898 luminis,
1636 3831 1778 3897 quod
1819 3829 1961 3884 idem
1998 3829 2207 3898 recepit
2241 3830 2439 3885 Isidori
2474 3830 2694 3899 assecla,
2744 3847 2903 3897 quem

535 3929 699 3981 supra
734 3930 862 3983 pag.
887 3915 922 3968 8
955 3915 1373 3970 nominavimus.
1446 3915 1618 3982 Quam
1655 3915 2041 3986 etymologiam
2070 3917 2311 3971 Isidorus
2347 3917 2415 3970 ad
2452 3916 2652 3970 Sirium
2690 3932 2904 3984 quoqne

536 3999 825 4055 transtulit
859 3999 925 4054 de
960 4006 1074 4056 nat.
1113 4017 1214 4055 rer.
1253 4002 1441 4056 XXVI
1480 4001 1561 4056 14.

680 4084 718 4153 ¹)
756 4084 836 4139 Cf.
874 4085 1046 4141 Schol.
1084 4087 1264 4141 Germ.
1301 4087 1456 4141 Arat.
1493 4087 1578 4142 89.
1615 4089 1678 4142 Β.
1716 4088 1875 4156 Eyss
1912 4103 2039 4157 pag.
2065 4087 2194 4140 421:
2243 4086 2468 4141 Orio-nis
2503 4087 2660 4140 canis
2696 4086 2904 4140 dicitur

530 4168 682 4237 eique
722 4170 995 4226 trib-utum
1038 4172 1180 4239 quod
1223 4171 1407 4227 stud-io
1454 4172 1693 4228 venandi
1719 4176 1801 4228 cst
1833 4172 2068 4239 deditus,
2119 4172 2182 4227 ob
2219 4172 2361 4241 quod
2398 4189 2532 4226 ursa
2568 4173 2618 4225 ci
2644 4170 2905 4240 prooeime

529 4259 762 4323 apparet
796 4259 850 4310 et
884 4256 1031 4310 aliae
1068 4257 1280 4313 bestiae.

703 4341 745 4410 ²)
782 4343 844 4396 L.
896 4344 1134 4424 I·deler
1181 4344 1215 4397 l.
1253 4344 1287 4397 l.
1331 4360 1458 4413 pag.
1496 4344 1624 4410 2373
1673 4345 1742 4399 H.
1799 4345 2147 4399 Schrader
2202 4344 2316 4397 Die
2352 4343 2585 4397 Sirenem
2632 4359 2758 4410 pag.
2804 4340 2899 4410 153

528 4427 838 4483 Kiintzle
885 4414 1028 4483 Uber
1046 4428 1133 4483 die
1153 4430 1485 4498 Sternsayen
1505 4430 1601 4484 der
1624 4429 1896 4484 Griechen
1927 4446 2054 4499 pag.
2075 4431 2136 4498 ὃς
2174 4430 2328 4483 Βο11
2366 4427 2614 4497 Sphaera
2633 4443 2758 4495 pag.
2783 4426 2902 4479 180.
