3576 5085
671 419 794 483 146
1567 417 1870 471 Guilelmus
1906 416 2119 471 Gundel
2927 418 3036 504 [54

666 593 921 654 tantum
970 592 1268 671 utuntur,
1315 592 1391 652 ut
1437 592 1692 668 tempus
1741 586 2090 652 definiant:
2139 590 2217 652 de
2250 589 2321 654 vi
2369 607 2612 653 arcana
2657 588 2786 669 ipsi
2832 589 3034 655 insita

666 710 793 756 non
841 690 1188 773 cogitatur.
1277 691 1501 770 Neque
1546 690 1805 756 omnino
1851 691 2098 755 multae
2160 690 2497 771 opiniones
2559 710 2702 756 cum
2748 693 3033 758 Arcturo

665 812 951 858 conexae
997 792 1442 858 inveniuntur.
1516 793 1683 857 Nam
1714 794 1798 857 ad
1829 791 2044 875 frigus
2080 792 2150 858 in
2179 792 2431 858 arcturi
2462 798 2694 859 exortu
2724 797 3033 859 naturam

666 895 1007 960 dominans
1052 894 1469 960 referendum
1518 900 1635 976 est,
1681 897 1852 975 quod
1894 895 2153 960 Plinius
2199 901 2428 976 puteos
2476 896 2652 961 circa
2698 901 3032 962 arcturum

664 998 883 1079 rigere
930 997 1093 1062 dicit
1139 998 1313 1077 (Nat.
1344 997 1496 1062 hist.
1532 998 1771 1062 XXXI
1811 998 1940 1080 50),
1987 1000 2155 1078 quod
2199 1002 2536 1078 poetarum
2584 1017 2877 1064 sermone
2924 1018 3033 1065 ex-

664 1100 912 1181 pressit
957 1099 1354 1165 Claudianus
1397 1100 1700 1165 XXXVI
1746 1101 1903 1165 225:
1950 1120 2139 1163 verna
2183 1120 2291 1164 ‘nec
2331 1103 2566 1164 iratum
2612 1102 2868 1164 timeant
2909 1104 3034 1165 vir-

660 1204 840 1283 qulta
900 1202 1155 1266 Booten.
1249 1202 1406 1267 Cum
1468 1208 1687 1267 autem
1750 1202 1969 1283 pridie
2029 1202 2111 1267 id.
2160 1203 2337 1283 Sept.
2397 1210 2781 1269 exoreretur
2837 1204 3033 1290 (Plin.

663 1305 813 1369 Nat.
860 1304 1014 1369 hist.
1061 1305 1164 1368 XI
1209 1306 1333 1386 41),
1395 1310 1665 1385 propter
1710 1304 1968 1369 illorum
2031 1306 2281 1370 dierum
2345 1311 2598 1370 aestum
2659 1325 2803 1371 eum
2859 1308 3032 1373 vites

665 1407 971 1486 oleasque
1014 1425 1288 1472 exurere
1330 1408 1656 1486 putabant
1705 1407 1896 1488 (Plin.
1930 1407 2077 1472 Nat.
2121 1407 2273 1472 hist.
2313 1409 2550 1473 XVIII
2594 1409 2761 1493 287),
2807 1408 3033 1475 favere

664 1514 887 1574 autem
932 1510 1109 1574 melli
1157 1508 1410 1573 ericaeo
1458 1508 1651 1592 (Plin.
1683 1509 1834 1573 Nat.
1873 1510 2025 1575 hist.
2065 1510 2167 1574 XI
2200 1511 2308 1594 41)
2355 1517 2424 1576 et
2468 1511 2606 1577 oleo
2655 1512 2759 1592 (ib.
2791 1513 2921 1577 XV
2951 1513 3033 1596 9).

662 1611 883 1676 Etiam
933 1613 1103 1691 quod
1161 1610 1333 1676 idem
1381 1611 1636 1676 Plinius
1697 1612 1906 1676 tradit
1977 1612 2083 1695 (ib.
2128 1613 2230 1677 XI
2277 1614 2426 1693 102)
2487 1614 2737 1678 arcturi
2797 1633 3032 1680 occasu

665 1713 854 1795 effici,
900 1717 975 1778 ut
1019 1714 1418 1779 locustarum
1465 1716 1681 1778 altera
1726 1715 1940 1794 proles
1993 1734 2212 1780 annua
2258 1720 2659 1797 nasceretur,
2718 1735 2845 1782 non
2894 1722 3031 1783 tam

663 1816 1121 1897 superstitioni
1167 1835 1363 1895 quam
1396 1821 1675 1881 naturae
1714 1817 2166 1883 observationi
2210 1817 2477 1884 videtur
2523 1818 2765 1900 deberi,
2812 1824 3030 1885 utrum

661 1937 702 1984 a
743 1920 1014 1984 Graecis
1059 1938 1143 1983 an
1190 1918 1500 1983 Romanis
1547 1918 1771 1984 factae
1820 1920 2105 1984 dubium.

834 2023 1053 2102 Atque
1129 2022 1295 2085 haec
1369 2020 1628 2101 quidem
1704 2023 2021 2087 hactenus
2111 2024 2191 2087 de
2268 2023 2681 2104 opinionibus
2759 2026 3030 2089 Arcturi

658 2123 934 2189 orientis
966 2129 1034 2189 et
1072 2123 1427 2188 occidentis
1459 2125 1923 2191 observatione
1955 2125 2149 2190 natis,
2236 2125 2378 2189 Iam
2424 2126 2771 2190 dicendum
2805 2130 2910 2189 est
2943 2128 3023 2189 de

661 2226 1013 2290 sententiis
1051 2227 1134 2290 ad
1167 2226 1644 2305 appellationes
1677 2227 1820 2292 eius
1867 2227 2130 2291 additis.
2218 2226 2617 2307 Quicumque
2649 2245 2793 2289 eum
2825 2244 3022 2289 ursae

657 2330 990 2392 custodem
1041 2328 1484 2410 appellabant,
1529 2330 1651 2393 hoc
1695 2328 2052 2407 faciebant,
2099 2327 2252 2406 quia
2298 2327 2478 2391 sidus
2526 2327 2691 2391 illud
2735 2327 3020 2407 splendi-

661 2429 999 2495 dissimum
1031 2430 1223 2494 iuxta
1253 2431 1540 2495 emicans
1581 2449 1740 2495 ursa
1773 2429 2259 2510 appellabatur.
2333 2430 2552 2508 Atque
2583 2431 3023 2508 quaerendum

564 2597 572 2603 ,
660 2536 780 2615 est,
826 2536 1044 2598 utrum
1106 2533 1176 2598 hi
1221 2533 1300 2598 de
1361 2535 1625 2598 custode
1685 2533 1958 2613 quodam
2021 2530 2495 2614 cogitaverint,
2557 2531 2668 2612 qui
2721 2532 2810 2598 ’116
2868 2551 3024 2597 ursa

658 2637 995 2718 evaderet,
1040 2636 1293 2716 positus
1339 2641 1531 2718 esset,
1579 2655 1664 2700 an
1710 2638 1791 2700 de
1837 2637 2119 2717 custode,
2173 2635 2286 2715 qui
2330 2654 2596 2716 gregem
2641 2641 3024 2715 pascentem

656 2740 746 2803 ab
792 2757 951 2803 ursa
997 2738 1377 2804 custodiret.
1466 2737 1876 2817 Ubicumque
1922 2741 2186 2803 veteres
2233 2736 2564 2817 expressis
2609 2736 2832 2802 verbis
2878 2755 3023 2802 sen-

660 2840 940 2905 tentiam
973 2859 1159 2905 suam
1192 2842 1438 2922 dicunt,
1484 2845 1701 2906 custos
1733 2846 1839 2906 est
1884 2859 2117 2922 ursam,
2161 2859 2287 2905 non
2320 2858 2604 2921 gregem,
2636 2839 3025 2905 custodiens.

658 2943 843 3009 Dicit
874 2944 1043 3009 enim
1080 2944 1302 3009 Cicero
1336 2945 1523 3008 Arat.
1553 2943 1745 3025 frgm.
1778 2946 1877 3025 16,
1914 2945 1946 3006 1
1983 2961 2287 3022 graecum
2327 2961 2515 3006 suum
2556 2947 2887 3007 auctorem
2926 2961 3024 3007 se-

658 3052 849 3111 cutus
875 3046 1403 3127 arctophylacem
1425 3063 1567 3109 esse
1593 3045 1997 3124 appellatum
2023 3042 2187 3124 quod
2208 3045 2390 3124 quasi
2411 3051 2641 3105 temone
2662 3043 3025 3107 adiunctam

648 3168 811 3230 prae
830 3168 893 3210 se
924 3149 1125 3227 quatit
1147 3167 1380 3229 ursam,
1413 3165 1684 3226 quocum
1708 3150 2116 3225 posterorum
2141 3144 2501 3225 complures
2528 3146 2964 3213 consentiunt.
2975 3147 3021 3231 1)

659 3251 788 3315 Sed
819 3255 896 3314 ut
926 3250 1137 3314 dica-m
1170 3251 1338 3329 quod
1364 3267 1484 3329 ego
1511 3249 1753 3313 sent-io:
1786 3249 1953 3312 haec
1983 3246 2200 3326 opinio
2234 3246 2650 3313 artificiosior
2681 3255 2797 3330 est,
2830 3269 3022 3330 quam

658 3370 828 3432 quae
872 3352 940 3416 in
987 3351 1251 3417 rudiore
1298 3352 1510 3416 adhuc
1556 3354 1752 3431 gente
1799 3350 1982 3414 nasci
2028 3349 2389 3431 potuerit,2)
2450 3353 2844 3430 praesertim
2888 3352 3023 3417 illis

657 3453 1080 3536 temporibuS,
1141 3473 1263 3534 quo
1326 3453 1600 3516 Arcturi
1658 3452 1917 3517 nomine
1978 3452 2239 3517 stellam
2300 3471 2429 3517 non
2488 3453 2670 3518 sidus
2731 3455 3021 3536 appella·

656 3561 898 3622 verunt
921 3558 1001 3640 ⁸):
1075 3562 1215 3621 tum
1271 3556 1443 3619 hanc
1515 3573 1710 3619 unam
1769 3555 2030 3620 stellam
2088 3555 2498 3635 splendidam
2566 3576 2684 3637 pro
2755 3560 3021 3623 custode

657 3659 968 3724 habuisse
1022 3659 1304 3724 Graecos
1364 3657 1765 3739 putaverim,
1834 3658 2126 3739 reliquas
2201 3677 2357 3725 vero
2434 3659 2722 3724 eiusdem
2784 3660 3020 3725 sideris

656 3762 885 3828 stellas
928 3780 1045 3842 pro
1093 3780 1311 3844 grege,
1357 3779 1547 3842 quem
1594 3767 1899 3826 arcturus
1946 3764 2027 3827 ab
2070 3780 2225 3827 ursa
2268 3762 2757 3845 custodiebat-st)

832 3967 871 4034 ¹)
908 3982 961 4019 v.
999 3965 1097 4020 Ov.
1135 3967 1284 4020 Fast.
1322 3967 1381 4020 11
1418 3966 1546 4034 1903
1585 3967 1792 4035 Hygin.
1831 3967 1979 4019 Astr.
2020 3967 2079 4020 II
2114 3967 2174 4033 4;
2214 3966 2402 4021 Isidor.
2442 3966 2528 4019 111
2565 3965 2646 4034 70,
2684 3966 2733 4021 8.

833 4051 873 4119 ²)
911 4053 1218 4106 Buttmann
1252 4052 1288 4105 1.
1326 4069 1369 4106 c.
1408 4069 1457 4120 p.
1497 4053 1591 4106 28:
1643 4052 1766 4105 Der
1802 4051 2024 4120 Beyriff
2062 4051 2207 4104 eines
2253 4052 2627 4105 Bc'irenhit'ters
2679 4052 2759 4106 ist
2800 4052 3020 4120 freilich,

652 4138 781 4191 hein
829 4153 887 4190 80
936 4137 1280 4191 nat‘e‘t‘rlicher
1327 4154 1430 4191 aus
1473 4137 1594 4191 dem
1641 4137 1955 4191 wirklichen
1991 4136 2171 4191 Leben
2216 4154 2595 4207 genomme‘ner
2641 4137 2740 4191 wie
2788 4137 2884 4191 der
2929 4138 3020 4191 cles

665 4222 1116 4279 Ochsentreibers.
1534 4223 1573 4291 ⁸)
1614 4241 1663 4278 v.
1702 4240 1743 4277 s.
1781 4238 1909 4291 pag.
1947 4223 2030 4276 48.

828 4309 870 4377 ⁴)
910 4308 1085 4362 Simili
1122 4309 1275 4363 modo
1312 4310 1341 4360 ὁ
1378 4305 1755 4378 χαλαζοφύλαξ
1792 4309 1959 4377 (Plut.
1997 4324 2126 4362 mor.
2165 4324 2292 4377 pag.
2319 4308 2440 4377 700)
2476 4324 2582 4362 non
2633 4308 2886 4377 custodit,
2924 4310 3020 4364 sed

654 4395 912 4449 observat
947 4394 1285 4463 grandinem.
