3576 5085
712 413 842 479 238
1612 407 1918 463 Guilelmus
1953 407 2168 462 Gundel
2928 405 3083 494 [146

714 585 1062 663 suspectus
1101 586 1222 647 est.
1294 579 1482 663 Quod
1511 578 1764 645 fecerat
1799 582 2101 660 cometes,
2147 577 2261 658 qui
2290 577 2642 644 Paterculo
2687 583 2759 644 et
2798 577 3084 660 Vopisco

716 684 1096 750 consulibus
1141 681 1482 765 apparuit:
1538 682 1806 763 fuerunt
1861 682 2024 745 enim
2084 682 2398 744 maximae
2454 686 2509 743 et
2567 682 2895 744 continuae
2938 687 3084 744 tem-

710 791 981 870 pestates
1022 785 1246 869 ubique
1274 784 1448 869 (Sen.
1478 784 1632 850 Nat.
1668 787 1920 864 quaest.
1951 782 2084 849 VH
2113 783 2214 865 28,
2246 783 2331 866 2).
2403 783 2691 848 Torrent
2732 787 3087 864 praeterea

714 887 1008 960 crinitae
1052 905 1290 970 aerem,
1332 891 1410 953 ut
1453 886 1756 953 siccitate
1810 891 1881 952 et
1923 890 2185 967 segetes
2228 888 2510 966 pereant
2567 889 2639 951 et
2682 885 2919 951 stellae
2977 903 3085 951 ex·
3165 913 3170 916 v

718 990 1065 1062 cutiantur
1107 991 1311 1074 (Man.
1356 991 1391 1055 I
1420 991 1566 1071 894,
1610 989 1848 1055 Avien.
1895 988 1968 1053 II
2014 989 2183 1054 1814
2198 1007 2353 1069 sqq„
2399 987 2583 1054 Serv.
2626 989 2668 1053 l.
2711 988 2810 1072 l.);
2869 992 3086 1055 motus

716 1097 944 1161 terrae
990 1113 1032 1158 a
1075 1093 1348 1159 cometis
1394 1092 1660 1158 effectos
1704 1091 1917 1156 tradit
1961 1090 2212 1156 Seneca
2255 1091 2298 1156 1.
2340 1090 2384 1156 1.
2472 1090 2928 1157 Mathematici
2975 1091 3086 1158 vel

720 1215 798 1262 eo
854 1195 1470 1277 progrediebantur,
1529 1198 1606 1260 ut
1666 1195 2143 1259 contenderent
2200 1197 2561 1276 serpentes,
2604 1193 3086 1276 inundationes,

720 1299 1032 1380 nebulaS,
1091 1316 1398 1379 pecorum
1456 1301 1679 1378 pestes
1733 1295 1962 1361 afferri
2014 1315 2056 1362 a
2113 1295 2404 1378 cometiS,
2462 1314 2523 1361 v.
2584 1295 2887 1363 Servium
2945 1296 2986 1362 l.
3046 1296 3087 1361 1.

722 1401 950 1481 Neque
992 1398 1394 1481 mirabimur,
1459 1399 1630 1479 quod
1674 1399 1782 1464 vel
1824 1397 2174 1479 unicuique
2233 1402 2457 1465 terrae
2515 1404 2736 1464 certas
2793 1399 3088 1465 flammas

721 1507 1057 1568 comantes
1117 1499 1604 1567 destinaverint
1665 1505 1868 1581 atque
1925 1500 2291 1567 doctrinam
2352 1503 2682 1581 quandam
2758 1503 2842 1567 de
2900 1500 3088 1568 vario

723 1608 1124 1670 cometarum
1170 1602 1408 1669 effectu
1452 1602 1882 1685 prodiderint.
1892 1603 1941 1686 l)

895 1723 1147 1805 Populo
1219 1741 1377 1790 vero
1437 1741 1875 1804 unaquaeque
1934 1723 2131 1789 stella
2192 1722 2433 1788 crinita
2505 1741 2714 1803 aeque
2769 1723 3090 1805 pestifera

723 1825 1022 1907 videtur3
1068 1831 1135 1892 et
1181 1830 1416 1907 poetae
1460 1844 1590 1891 non
1633 1831 1984 1891 recurrunt
2030 1827 2116 1908 ad
2160 1825 2767 1892 mathematicorum
2810 1826 3088 1894 subtiles

724 1928 1139 2010 disciplinas,
1199 1928 1318 1994 sed
1377 1932 1730 1995 versantur
1788 1929 1997 1993 solum
2055 1928 2123 1992 in
2186 1927 2631 1993 describendis
2692 1934 3090 1995 cometarum

725 2031 1019 2098 crinibus
1062 2037 1132 2097 et
1177 2032 1431 2096 ardore.
1523 2031 1804 2096 Praeter
1846 2031 2022 2096 locos
2075 2029 2206 2097 iam
2268 2030 2571 2096 laudatos
2631 2032 2902 2098 afferam
2963 2032 3089 2098 Cic.

725 2136 809 2201 de
869 2153 1038 2200 cons.
1100 2133 1169 2199 II
1228 2152 1291 2199 v.
1349 2134 1448 2216 15,
1506 2133 1684 2198 PRF
1742 2151 1894 2216 pag.
1958 2133 2085 2198 299
2144 2132 2340 2216 (claro
2398 2134 2651 2197 tremuli
2706 2134 2932 2198 ardore
2997 2154 3088 2198 co-

731 2237 944 2321 metae)
961 2288 977 2320 ,
1034 2237 1233 2318 Verg.
1295 2236 1531 2319 Georg.
1574 2236 1610 2299 I
1654 2236 1781 2300 488
1842 2235 1998 2319 (diri
2039 2240 2298 2299 cometae
2313 2286 2329 2318 ,
2391 2235 2474 2301 cf.
2531 2236 2766 2302 Avien.
2812 2237 2885 2302 H
2924 2237 3090 2319 594),

728 2338 892 2404 Aen.
932 2339 1001 2403 X
1032 2338 1158 2404 273
1205 2337 1564 2420 (sanquinei
1589 2341 1889 2419 cometae),
1936 2337 2116 2419 Calp.
2147 2336 2271 2403 Sic.
2302 2338 2338 2402 I
2367 2338 2448 2403 81
2497 2338 2769 2422 (ardenti
2795 2341 3092 2404 scintillat

903 2507 944 2575 ¹)
980 2523 1033 2563 v.
1071 2507 1220 2562 Serv.
1245 2505 1281 2561 1.
1308 2505 1375 2576 l.;
1423 2511 1490 2561 ut
1523 2505 1833 2562 accuratius
1871 2511 2126 2563 eventum
2165 2507 2425 2575 cuiusque
2461 2513 2701 2564 cometae
2737 2509 3089 2579 destinarent,

730 2593 898 2648 etiam
946 2591 1310 2647 observabant
1345 2592 1481 2646 lucis
1528 2608 1729 2663 genus3
1780 2592 1859 2646 sic
1900 2593 2035 2647 dicit
2081 2593 2295 2648 Plinius
2331 2594 2457 2648 Nat.
2493 2594 2621 2649 hist.
2660 2595 2722 2649 H
2755 2595 2851 2650 92.
2839 2617 2851 2629 ·
2887 2595 3091 2665 referre

732 2678 1103 2748 arbitrantur,
1154 2677 1219 2732 in
1253 2694 1389 2746 quas
1416 2682 1611 2747 partes
1645 2693 1758 2732 sese
1792 2678 2069 2732 iaculetur
2102 2681 2208 2733 aut
2240 2679 2399 2732 cuius
2432 2679 2619 2734 stellae
2659 2681 2803 2735 vires
2837 2681 3090 2751 accipiat,

731 2780 968 2833 quasque
1002 2763 1400 2819 similitudines
1438 2762 1639 2818 reddat
1689 2766 1744 2818 et
1788 2763 1987 2831 quibus
2033 2764 2098 2818 in
2146 2764 2278 2818 locis
2314 2764 2518 2819 emicet.
2590 2765 2778 2821 Omnis
2824 2767 2958 2822 haec
3000 2783 3092 2823 ve-

728 2857 908 2905 terum
944 2850 1174 2904 scientia
1206 2850 1437 2918 probata
1471 2855 1556 2904 est
1580 2866 1614 2903 a
1648 2850 1954 2905 hominibus
1991 2849 2383 2918 superstitiosis
2417 2851 2566 2906 XVI.
2592 2856 2651 2906 et
2673 2852 2852 2906 XVII.
2875 2853 3092 2921 saeculi,

730 2936 926 3004 quibus
946 2936 1278 3005 temporibus
1295 2935 1555 3004 permulti
1568 2942 1809 2990 cometae
1822 2935 2105 3004 ingentem
2125 2940 2384 2990 terrorem
2396 2936 2717 2992 mortalibus
2736 2937 3092 2993 incutiebant.

731 3020 948 3090 Optime
981 3021 1330 3076 illustrentur
1375 3021 1592 3076 illorum
1640 3021 1865 3077 timores
1910 3022 1995 3076 his
2044 3021 2282 3077 Pontani
2327 3022 2575 3077 versibus
2624 3024 2696 3091 (v.
2731 3023 2821 3079 W.
2860 3023 3096 3079 Serlin

730 3106 1112 3177 Cometoloyia‚
1148 3107 1445 3161 Francmrt
1481 3106 1615 3160 1665
1649 3123 1777 3176 pag.
1815 3107 1963 3177 185):

1044 3192 1333 3262 Achterley
1381 3191 1626 3262 Unylv'atck
1656 3192 1723 3247 in
1753 3193 1968 3263 yemcin
2003 3192 2252 3263 entsteht,

1052 3277 1231 3332 Wenn
1265 3277 1327 3332 in
1362 3277 1458 3332 der
1491 3277 1655 3346 Imfft
1686 3277 1960 3333 erschei‘nt
1994 3278 2086 3333 ein
2125 3279 2322 3333 Oomet.

1054 3362 1173 3420 Viel
1206 3363 1422 3428 Fiebem
1461 3362 1820 3433 Kranckheit,
1856 3364 2159 3419 Pestilente:
2192 3363 2311 3418 und
2350 3363 2481 3433 Tod,

1045 3448 1287 3503 Schwere
1324 3449 1464 3515 Zeit,
1502 3449 1732 3518 Manyel
1764 3450 1882 3503 und
1911 3466 2066 3519 yross
2102 3448 2540 3520 Hunqers-Noth
2554 3467 2570 3503 .·

1045 3534 1219 3588 Gross
1254 3534 1408 3603 Hitz,
1445 3533 1586 3587 diirr
1618 3534 1747 3589 Zeit
1778 3535 1899 3589 und
1945 3534 2444 3604 Unfruchtbarkeit.

1040 3618 1229 3688 Kricq,
1265 3618 1446 3685 Raub,
1482 3619 1699 3688 Brand,
1736 3618 1922 3688 Mord,
1957 3620 2247 3690 Auffruhr,
2286 3620 2447 3690 Neid,
2481 3621 2636 3676 Hass
2668 3620 2789 3676 und
2823 3620 3012 3690 strat,

1037 3703 1225 3771 Frost,
1262 3703 1418 3771 Kc‘ilt,
1457 3703 1669 3774 Sturm,
1716 3703 1949 3773 Winter,
1998 3705 2216 3775 Wetter‚
2268 3706 2704 3763 Wasscrs-Noth.

1051 3787 1170 3844 Viel
1203 3788 1371 3843 hoher
1408 3789 1579 3843 Leuce
1624 3789 1941 3859 Unterqany
1975 3790 2093 3845 und
2133 3790 2281 3846 Tod:

1039 3873 1428 3929 Feucrs-Noth
1462 3873 1581 3929 und
1613 3874 1903 3929 Erdbeben
1937 3892 2016 3929 an
2051 3876 2335 3931 manchem
2367 3875 2517 3945 End,

1049 3958 1252 4014 Grosse
1296 3959 1689 4030 Veranderunq
1724 3959 1821 4015 der
1853 3960 2159 4030 Reyiment.

730 4044 1026 4099 Praeterea
1060 4045 1356 4099 secundum
1386 4045 1531 4099 hunc
1554 4052 1859 4105 nascuntur
1882 4046 2089 4101 bestiae
2111 4045 2370 4103 homines‘
2388 4047 2732 4102 devorantes.
2767 4046 2932 4115 Apud
2966 4045 3103 4102 alios

732 4129 1054 4185 offendimur
1070 4129 1156 4184 his
1174 4129 1516 4198 opinionibus
1532 4131 1949 4186 christianorum
1969 4132 2202 4201 propriis
2217 4152 2229 4186 ε
2244 4131 2386 4187 diem
2404 4147 2716 4200 supremum
2729 4131 2955 4188 cometis
2965 4147 3105 4189 uuu-

732 4215 866 4270 tiari
900 4216 991 4270 vel
1015 4214 1302 4270 interitum
1333 4215 1663 4285 antichristi,
1701 4231 1861 4283 quem
1885 4217 1984 4271 alii
2008 4217 2180 4272 alium
2203 4216 2458 4272 dicebant
2492 4217 2652 4272 velut
2673 4233 2875 4286 papam
2896 4216 3104 4272 Turcos
3210 4190 3214 4193 Ὺ

730 4316 907 4370 eosve,
944 4301 1040 4369 qni
1075 4301 1237 4358 fidem
1271 4301 1641 4369 sequebantur
1687 4302 2082 4372 evangelicam.
2153 4304 2338 4370 Atque
2386 4308 2473 4358 tot
2505 4302 2637 4358 locis
2668 4308 2964 4359 occurrunt
2997 4302 3104 4357 hae

731 4387 1054 4456 sententiae,
1089 4391 1157 4441 ut
1191 4387 1439 4455 exempla
1474 4386 1674 4442 addere
1706 4403 2170 4456 supervacaneum
2205 4393 2414 4457 putem.
