3576 5085
546 357 664 444 81]
1001 359 1082 412 De
1118 358 1400 411 stellarum
1438 356 1804 426 appellatione
1840 363 1896 436 et
1932 356 2196 426 religione
2232 358 2478 412 Romana
2793 360 2917 425 173

1934 528 2049 591 sed
2093 531 2286 592 nocte
2330 545 2566 608 sopora

867 628 1221 696 Parrhasis
1267 627 1564 708 obliquos
1609 626 1843 694 Helice
1890 647 2032 693 cum
2078 635 2374 695 verteret
2421 648 2596 696 axes.

726 749 1008 817 Plurimi
1053 754 1276 814 autem
1322 751 1556 829 poetae
1602 749 2049 829 crepusculum
2095 748 2493 815 matutinum
2537 749 2762 816 verbis
2805 770 2920 814 ατο

545 874 723 919 verso
780 854 891 920 vel
954 859 1191 915 temone
1247 871 1445 932 versa,
1499 868 1734 931 nempe
1793 850 2095 933 plaustri,
2149 851 2445 918 indicare
2505 858 2920 936 consuerunt,

554 957 712 1025 vide
755 975 815 1022 V.
863 975 916 1020 c.
967 954 1084 1021 Ov.
1129 954 1302 1019 trist.
1348 953 1383 1017 I
1426 954 1484 1035 3,
1528 954 1643 1033 48;
1704 952 1876 1018 Stat.
1919 954 2122 1018 Theb.
2165 953 2275 1018 III
2318 955 2475 1036 6843
2536 954 2683 1021 Sen.
2726 955 2922 1022 Herc.

549 1060 679 1125 fur.
726 1060 868 1124 131.

726 1162 1071 1226 Hactenus
1130 1159 1568 1223 Romanorum
1642 1162 1983 1238 poetarum
2044 1158 2337 1224 carmina
2398 1178 2439 1223 a
2491 1159 2763 1226 Graecis
2823 1158 2923 1225 in-

547 1265 832 1347 spirata.
917 1263 1203 1327 Restant
1232 1260 1545 1325 nonnulla
1577 1260 1957 1326 testimonia
1998 1260 2467 1342 imperatorum
2505 1265 2729 1328 aetate
2774 1282 2924 1328 con-

561 1367 843 1448 scripta,
911 1364 1149 1445 quibus
1210 1363 1460 1444 aliquid
1516 1364 1847 1428 barbarae
1917 1363 2256 1429 doctrinae
2323 1365 2541 1430 inesse
2598 1365 2925 1432 videatur.

554 1470 775 1550 Supra
821 1467 1106 1533 diximus
1149 1486 1208 1546 p.
1257 1467 1338 1532 75
1386 1466 1684 1532 divorum
1744 1465 1998 1531 animas
2047 1466 2116 1531 in
2165 1466 2367 1532 astris
2414 1466 2686 1549 versari,
2739 1468 2924 1534 cuius

559 1571 658 1637 rei
706 1571 776 1635 in
823 1570 1045 1651 capite
1077 1569 1280 1634 tertio
1322 1568 1681 1649 planiorem
1713 1567 2106 1634 mentionem
2139 1568 2469 1635 faciemus
2558 1571 2722 1636 Tale
2766 1571 2925 1652 quid

556 1676 790 1739 subest
836 1677 905 1737 et
948 1670 1206 1737 Lucani
1251 1670 1473 1736 verbis
1534 1671 1567 1735 I
1613 1671 1696 1735 52
1739 1671 1903 1734 sedes
1961 1673 2030 1734 in
2077 1672 2302 1734 Arctoo
2343 1671 2488 1735 orbe
2546 1671 2656 1736 tibi
2712 1674 2927 1753 leqeris

552 1782 627 1841 et
691 1773 1039 1840 Claudia-ni
1100 1774 1268 1838 VIII
1324 1773 1452 1836 429
1512 1772 1703 1853 yelidi
1765 1794 1870 1835 seu
1932 1779 1983 1835 te
2041 1793 2320 1835 meruere
2394 1775 2635 1839 triones,
2739 1775 2926 1857 Quod

554 1883 776 1943 autem
827 1881 1045 1942 arctos
1090 1875 1362 1955 reliquis
1407 1874 1623 1940 stellis
1662 1874 2055 1957 praefertur,
2101 1876 2223 1939 hoc
2270 1876 2748 1957 astrologorum
2793 1877 2925 1957 opi-

562 1979 951 2046 nationibus
984 1978 1235 2042 factum
1266 1976 1549 2042 videtur.
1640 1977 1732 2041 Ut
1760 1996 1880 2041 rex
1910 1978 1979 2042 in
2026 1995 2278 2043 summa
2318 1997 2486 2059 arce,
2532 1979 2632 2044 ita
2663 1981 2927 2044 deorum

558 2082 836 2147 numina
894 2081 965 2145 in
1012 2098 1258 2145 summo
1320 2080 1501 2145 caelo
1561 2078 1990 2162 habitabant,
2052 2099 2219 2160 quae
2279 2080 2585 2146 caelestis
2644 2081 2927 2147 altitudo

560 2203 763 2267 prope
808 2185 1027 2264 polum
1092 2184 1557 2263 quaerebatur.
1648 2183 1788 2264 Quo
1835 2182 2055 2265 fiebat,
2103 2187 2178 2247 ut
2225 2189 2411 2248 astra
2470 2202 2723 2264 quoque
2780 2184 2928 2264 polo

561 2287 859 2369 proxima
908 2286 1315 2368 singularem
1373 2284 1736 2365 potentiam
1804 2285 2255 2371 acciperenffl)
2357 2287 2470 2350 Ita
2528 2286 2929 2353 recentiores

562 2396 798 2472 poetae
856 2394 932 2455 ut
978 2388 1268 2454 divinam
1329 2387 1688 2468 potentiam
1755 2389 2155 2469 describant,
2216 2388 2477 2470 saepius
2531 2409 2673 2455 eam
2728 2409 2929 2471 prope

559 2512 784 2560 ursam
829 2492 1132 2558 habitare
1179 2490 1423 2557 dicunt.
1510 2492 1620 2557 Ita
1666 2490 2066 2560 Claudianus
2111 2491 2423 2558 XXXIII
2467 2492 2587 2558 101
2618 2511 2742 2574 sq.:

1357 2662 1369 2675 .
1417 2663 1431 2676 .
1476 2631 1620 2676 cum
1672 2616 1742 2676 te
1788 2611 2198 2677 laetissimus
2245 2618 2436 2678 ornet

871 2713 1155 2795 signifer
1200 2719 1269 2777 et
1314 2713 1503 2778 vario
1551 2713 1827 2793 cingant
1872 2715 2217 2794 splendore
2263 2715 2554 2781 Triones

739 2835 833 2898 Et
878 2834 1254 2897 Martianus
1301 2832 1575 2912 Capella
1620 2832 1826 2898 VIIII
1865 2833 1991 2897 912
2038 2834 2119 2898 de
2163 2833 2355 2899 Iove:

876 2953 1004 3018 sub
1048 2956 1118 3016 te
1164 2951 1615 3033 plaustrilucis
1653 2951 1935 3017 luminat
1974 2951 2238 3033 ignibus

875 3053 1112 3135 anguis
1158 3054 1551 3119 Parrhasias
1596 3054 1907 3119 disiciens
1952 3054 2149 3119 feras

740 3173 1236 3254 Astrologorum
1324 3174 1667 3239 inventum
1756 3174 1881 3238 tali
1967 3174 2303 3240 sententia
2387 3175 2567 3240 tradi
2654 3175 2936 3241 coniecit

564 3274 646 3341 E.
692 3276 945 3341 Riess
1013 3278 1191 3356 apud
1234 3275 1538 3340 Paulium
1595 3276 1960 3342 Wissowae
2014 3277 2084 3341 II
2129 3297 2189 3359 p.
2241 3279 2423 3343 1821.
2509 3277 2697 3362 Quod
2760 3278 2936 3343 haud

560 3377 666 3444 ita
724 3384 976 3443 certum
1037 3377 1197 3442 mihi
1258 3377 1551 3444 videtur:
1612 3379 1959 3460 mysticum
2017 3380 2238 3461 potius
2299 3380 2528 3445 dicam.
2632 3381 2804 3446 Sane
2865 3381 2936 3445 in

565 3480 904 3546 Hermetis
950 3479 1367 3562 Trismegisti
1414 3480 1682 3562 scriptis
1727 3482 1894 3547 haec
1924 3481 2140 3563 opinio
2189 3483 2421 3548 extitit
2466 3483 2667 3567 (Stob.
2699 3483 2734 3548 I
2764 3485 2865 3564 21,
2896 3484 2936 3548 9

563 3603 623 3664 p.
672 3584 796 3648 194
818 3583 927 3667 W)
974 3588 1043 3649 et
1086 3583 1156 3647 in
1189 3585 1585 3650 Graecorum
1630 3603 1918 3666 papyros
1963 3585 2258 3668 magicas
2301 3585 2616 3669 manavit,
2661 3604 2937 3667 quarum

565 3685 877 3752 Parisina
906 3706 968 3753 v.
1003 3686 1167 3752 1301
1197 3686 1498 3752 exhibet:
1522 3686 1572 3770 2)
1616 3684 1835 3772 ’Άρκτε
1856 3688 2006 3759 θεά,
2037 3690 2300 3772 μεγίστη
2332 3686 2615 3773 ἄρχουσα
2646 3687 2936 3772 οὐρανοῦ,

568 3786 992 3866 βασιλεύουσα
1035 3787 1244 3852 πόλου
1279 3836 1292 3850 .
1326 3840 1340 3854 .
1376 3833 1412 3859 .,
1460 3790 1743 3872 σύστημα
1779 3800 1896 3852 τοῦ
1938 3790 2196 3873 παντός,
2240 3793 2619 3877 πανφέγγης
2662 3788 2938 3875 ἁρμονία

562 3898 696 3949 τῶν
739 3887 922 3964 ὅλων,
967 3942 979 3955 .
1028 3937 1042 3953 .
1090 3942 1104 3956 .
1147 3888 1183 3972 ἡ
1243 3889 1350 3954 ἐπὶ
1416 3901 1530 3953 τοῦ
1587 3890 1797 3955 πόλου
1859 3886 2223 3977 ἐφεστῶσα,
2283 3895 2354 3976 ἢν
2414 3890 2448 3956 ὃ
2510 3895 2727 3976 κύριος
2782 3893 2940 3968 θεὸς

566 3984 758 4068 ἔταξε
801 4001 1075 4076 κραταιᾷ
1120 3995 1254 4077 χερὶ
1317 3996 1614 4079 στρέφειν
1655 3992 1763 4057 τὸν
1807 3992 1976 4078 ἱερὸν
2036 3994 2255 4060 πόλον.
2344 3995 2600 4061 Similia
2658 3999 2738 4062 de
2782 4014 2938 4061 ursa

746 4162 787 4230 ¹)
824 4163 890 4216 V.
928 4162 1030 4216 Fr.
1066 4163 1224 4217 Boll
1260 4163 1508 4231 Sphaera
1544 4181 1595 4232 p.
1634 4165 1751 4218 163.

744 4246 788 4314 ²)
824 4247 925 4302 Ed.
964 4249 1021 4303 C.
1060 4248 1379 4317 Wessely
1414 4249 1472 4304 in
1507 4249 1940 4316 Denkschriften
1976 4249 2073 4304 der
2117 4251 2336 4305 Wiener
2370 4250 2664 4305 Akademie
2699 4249 2938 4305 XXXVI

568 4332 708 4387 1888
743 4335 796 4387 2.
832 4333 1130 4403 Abteiluny
1164 4350 1215 4402 p.
1255 4334 1335 4387 77.

673 4434 1313 4490 Religionsgeschichtliche
1341 4437 1582 4482 Versuche
1609 4448 1655 4480 u.
1682 4437 2000 4482 Vorarbeiten
2030 4438 2109 4481 111.
2562 4419 2626 4470 12
