3576 5085
545 450 660 539 33]
856 500 866 511 .
1002 452 1083 506 De
1121 451 1400 506 stellarum
1439 449 1805 519 appellatione
1842 457 1899 506 et
1935 451 2198 522 religione
2234 452 2478 506 Romana
2797 454 2923 519 125

542 622 687 706 fero
724 627 782 685 et
822 619 1073 704 hespero
1114 625 1533 685 sacraverunt.
1618 619 2009 687 Desultores
2055 627 2275 688 autem
2318 622 2367 686 ii
2411 627 2624 706 erant,-
2681 623 2795 704 qui
2839 625 2921 689 de

546 744 718 808 equo
762 725 832 790 in
878 740 1115 809 equum
1150 723 1659 790 transiliebant:
1704 723 1879 790 idem
1908 724 2133 790 facere
2171 724 2443 792 Veneris
2492 726 2691 791 stella
2736 726 2920 794 vide-

547 828 769 910 batur,
815 847 986 909 quae
1026 845 1267 908 equum
1312 827 1618 893 diurnum
1662 828 1969 893 mutabat
2005 842 2158 892 cum
2202 829 2599 912 nocturno-¹)

723 931 895 997 Late
941 927 1247 996 diffusam
1306 930 1767 1013 astrologicam
1837 930 2376 1011 superstitionem
2432 950 2474 996 a
2517 931 2921 999 Christianis

548 1033 930 1102 doctoribus
975 1033 1432 1116 impugnatam
1478 1052 1621 1099 esse
1664 1033 2074 1099 notissimum
2121 1038 2239 1115 est,
2292 1052 2353 1100 v.
2399 1052 2451 1100 c.
2492 1035 2693 1101 affero
2734 1050 2920 1101 sanc-

551 1142 694 1204 tum
729 1135 1194 1219 Augustinum‚
1240 1135 1451 1217 quiin
1484 1135 1764 1213 Veneris
1801 1136 2060 1202 stellam
2093 1138 2427 1218 complura
2457 1137 2631 1203 dixit
2673 1139 2758 1204 de
2801 1138 2923 1204 civ.

546 1240 660 1307 dei
703 1240 837 1307 VII
885 1240 985 1306 15.
1072 1239 1202 1306 Sed
1254 1244 1324 1305 et
1380 1238 1513 1321 ipsi
1556 1239 1944 1323 Christiani,
2003 1240 2165 1306 licet
2223 1245 2523 1308 veterum
2583 1240 2922 1322 opiniones

541 1343 903 1426 plerasque
952 1342 1336 1425 deleverint,
1378 1360 1614 1409 novam
1663 1345 1987 1423 quandam
2033 1343 2346 1409 Romanis
2407 1344 2783 1410 attulerunt
2839 1345 2921 1409 de

547 1446 828 1512 lucifero
882 1445 1296 1512 sententiam.
1386 1445 1556 1511 Erat
1613 1446 1786 1511 enim
1834 1444 1932 1511 eis
1990 1447 2353 1528 symbolum
2412 1449 2491 1511 ut
2550 1446 2650 1512 ita
2710 1447 2922 1513 dicam

548 1548 888 1615 daemonis
918 1548 1312 1632 pravissimi,
1353 1566 1543 1630 quem
1572 1549 1896 1615 Satanam
1929 1548 2382 1632 appellabant.
2456 1549 2771 1616 Tractum
2802 1550 2923 1615 hoc

548 1657 659 1718 est
707 1671 743 1718 e
782 1651 1003 1718 Iesaia
1032 1650 1200 1718 XIV
1232 1653 1344 1717 12:
1403 1661 1552 1727 πῶς
1595 1646 1899 1731 ἐξέπεσεν
1942 1647 2012 1715 ἐκ
2056 1663 2170 1715 τοῦ
2199 1651 2472 1736 οὐρανοῦ
2517 1649 2552 1714 ὁ
2596 1650 2923 1737 ἑωςφόρος

543 1753 587 1818 ὁ
616 1754 789 1839 πρωὶ
820 1753 1207 1837 &vacentem
1238 1756 1569 1840 συνετρίβη
1608 1754 1702 1829 εἰς
1726 1753 1837 1838 τὴν
1866 1761 1977 1839 γῆν
2006 1753 2041 1818 ὁ
2073 1752 2486 1818 ἀποστέλλων
2513 1753 2683 1839 πρὸς
2709 1754 2924 1817 πάντα

540 1857 630 1921 τὰ
675 1854 851 1942 ἔθνη.
939 1858 1084 1922 Hoc
1127 1857 1288 1923 licet
1332 1859 1413 1922 de
1450 1876 1610 1940 rege
1640 1859 1925 1938 quod-am
1956 1857 2359 1950 Babylonico
2392 1857 2637 1922 dictum
2668 1857 2919 1941 essetf)

548 1979 670 2040 per
712 1959 953 2026 falsam
1005 1958 1622 2039 interpretationem
1685 1960 1768 2024 ad
1827 1958 2162 2024 diabolum
2206 1979 2247 2024 a
2308 1961 2426 2024 deo
2485 1959 2922 2040 omnipotenti

550 2061 890 2129 devictum
935 2062 1356 2128 rettulerunt.
1445 2062 1660 2127 Huius
1714 2061 2059 2128 doctrinae
2119 2063 2317 2128 testis
2377 2060 2736 2128 Cassianus
2795 2066 2940 2145 est‚·

550 2162 707 2231 inst.
752 2163 890 2230 XII
928 2167 1001 2230 4:
1047 2165 1339 2246 anyelum
1381 2165 1581 2247 illum,
1627 2165 1736 2246 qui
1777 2183 1899 2247 pro
1942 2165 2256 2228 ammata
2309 2163 2659 2248 splendoris
2701 2183 2775 2228 ac
2818 2163 2921 2228 de-

546 2269 709 2332 coris
736 2269 842 2331 sui
887 2269 1113 2350 lucifer
1138 2266 1490 2351 appellatus
1518 2270 1622 2348 est,
1665 2268 1843 2331 nullo
1888 2268 2013 2332 alio
2058 2286 2244 2347 quam
2283 2267 2393 2331 hoc
2433 2266 2581 2331 vitio
2624 2267 2921 2332 deiectam

541 2371 806 2435 caelitus
840 2371 1189 2434 invenimus
1232 2376 1290 2434 et
1331 2390 1407 2434 ex
1449 2370 1565 2434 illa
1606 2371 1780 2434 beata
1823 2369 2195 2451 sublimique
2252 2371 2613 2452 anyelorum
2661 2371 2923 2434 statione
3051 2360 3057 2365 ’

541 2472 662 2538 telo
701 2470 1028 2555 superbiae
1068 2473 1462 2536 vulneratum
1502 2471 1594 2536 ad
1648 2474 1911 2555 inferna
1965 2473 2164 2555 fuisse
2221 2474 2602 2555 conlapsum.
2707 2473 2919 2538 Addit

544 2576 904 2643 Cassianus
934 2576 1315 2665 Luciferum
1363 2596 1433 2643 se
1480 2579 1600 2643 deo
1632 2577 1914 2643 similem
1943 2576 2287 2657 iudicasse,
2332 2595 2502 2657 quae
2536 2577 2916 2642 accuratius

544 2680 818 2761 exponit
879 2677 1172 2745 Isidorus
1231 2682 1312 2745 de
1356 2685 1491 2745 nat.
1549 2699 1675 2745 rer.
1720 2677 1956 2745 XXVI
2018 2682 2130 2762 11,
2189 2679 2306 2759 qui
2363 2680 2594 2746 citatis
2654 2679 2915 2745 Iesaiae

544 2781 773 2847 verbis
817 2781 1072 2863 pergit:
1119 2783 1230 2861 qui
1266 2784 1454 2844 etium
1497 2784 1569 2845 in
1611 2783 1775 2845 eaelo
1805 2801 1995 2863 super
2036 2782 2245 2844 stellas
2283 2781 2384 2844 dei
2426 2781 2578 2845 dicit
2610 2800 2677 2844 se
2715 2780 2914 2845 sedem

540 2884 897 2955 positurum
939 2888 997 2945 et
1041 2882 1267 2947 cadens
1309 2882 1384 2947 de
1417 2884 1582 2948 caelo
1612 2885 2053 2966 confr-imitar.
2143 2883 2327 2965 Quae
2356 2883 2656 2966 pluribus
2687 2883 2915 2949 colori-

553 2985 675 3050 bus
723 2984 1090 3067 depingens
1133 2985 1495 3052 Rhabanus
1538 2988 1811 3053 Maurus
1858 2988 2056 3071 (Mon.
2096 2986 2311 3053 Germ.
2356 2986 2509 3051 hist.
2553 2985 2623 3049 II
2681 3006 2741 3067 p.
2790 2987 2915 3052 198

542 3092 667 3152 str.
689 3090 770 3153 16
791 3093 859 3154 et
879 3088 986 3172 19)
1009 3088 1354 3155 luciferum
1375 3092 1714 3156 cadentem
1730 3096 1804 3156 et
1820 3090 2090 3156 tertiam
2110 3094 2372 3170 partem
2389 3088 2677 3153 siderum
2698 3107 2917 3154 secum

543 3191 922 3256 trahentem
965 3192 1295 3257 describit.
1385 3193 1608 3273 Atque
1653 3192 1985 3275 plerisque
2028 3190 2225 3257 medii
2286 3190 2436 3259 aevi
2481 3190 2915 3273 scriptoribus

543 3291 786 3359 lucifer
828 3293 1003 3359 idem
1065 3299 1168 3359 est
1227 3295 1341 3374 qui
1392 3294 1658 3361 Iudaeis
1703 3294 2002 3361 Satanas.
2091 3296 2234 3360 Hoc
2294 3294 2531 3360 stellae
2576 3295 2914 3361 Venereae

536 3395 759 3461 fatum
805 3395 934 3461 fuit
978 3396 1297 3462 ultimum.

1161 3813 1208 3905 ἓ
1265 3819 1333 3886 2.
1421 3815 1542 3887 De
1596 3816 1841 3887 stella
1894 3815 2287 3887 canicula.

715 3977 1026 4046 Fortasse
1060 3979 1338 4047 miretur
1367 3980 1693 4061 quispiam
1725 3979 2008 4045 tractari
2052 3980 2230 4045 inter
2274 3978 2507 4045 stellas
2537 3978 2911 4062 singulares

538 4080 929 4146 caniculam.
975 4082 1295 4148 Traditur
1325 4082 1495 4148 enim
1527 4102 1567 4147 a
1597 4082 1957 4164 veteribusy
1988 4100 2261 4161 quorum
2290 4080 2548 4147 nomino
2571 4082 2910 4165 Hyginum

538 4181 833 4268 (Astron.
877 4183 985 4250 III
1028 4187 1115 4251 34
1159 4207 1220 4268 p.
1250 4186 1335 4252 95
1359 4186 1490 4268 R),
1552 4185 1914 4251 caniculam
1966 4185 2149 4251 sidus
2192 4202 2337 4249 esse
2383 4203 2418 4249 e
2465 4184 2907 4265 compluribus

715 4355 752 4423 ¹)
789 4356 933 4412 Vide
969 4356 1110 4411 Stat.
1149 4357 1316 4411 Theb.
1354 4356 1436 4410 VI
1470 4354 1588 4408 218.

710 4440 752 4509 ²)
788 4459 841 4498 v.
879 4443 943 4497 B.
979 4443 1224 4511 Duhm‚
1262 4439 1779 4496 Handcommentar
1816 4457 1942 4495 zum
1978 4439 2145 4494 Alton
2190 4441 2504 4494 Testament
2536 4438 2625 4492 III
2663 4437 2690 4489 1
2730 4453 2779 4505 p.
2819 4435 2906 4489 92.

638 4543 1275 4598 Religionsgeschichtliche
1303 4542 1546 4587 Versuche
1574 4554 1621 4586 ιι.
1651 4540 1970 4587 Vorarbeiten
1996 4542 2081 4585 ΙΙΙ.
2554 4523 2587 4576 9
