3576 5085
453 414 565 503 95]
904 416 985 469 De
1021 415 1302 469 stellarum
1339 413 1704 481 appellatione
1739 418 1797 468 et
1830 413 2095 484 religione
2131 415 2378 469 Romana
2695 418 2817 482 187

456 587 600 667 670,
644 587 828 651 Fast.
872 585 933 650 V
964 587 1120 665 6643
1167 584 1348 647 Pleas
1392 585 1590 665 Verg.
1637 584 1876 665 Georg.
1923 585 2016 650 IV
2062 586 2205 666 233,
2265 584 2454 649 Plias
2498 586 2613 652 Ov.
2659 587 2818 653 Her.

455 689 656 755 XVII
704 689 857 767 188,
918 688 1133 753 Germ.
1181 689 1369 752 Arat.
1414 688 1647 767 phaen.
1692 688 1852 764 266,
1917 689 2058 769 708,
2111 688 2257 753 Val.
2302 688 2516 753 Flacc.
2563 689 2635 754 II
2672 690 2818 771 407,

453 791 697 856 Lucan.
722 791 793 855 II
818 791 958 872 722,
982 789 1152 855 Stat.
1177 789 1338 856 Silv.
1360 790 1396 854 I
1419 792 1476 868 6,
1508 791 1608 871 22,
1639 789 1746 854 III
1776 792 1834 871 2,
1868 791 1967 871 76,
1996 790 2200 856 Rutil.
2226 791 2409 856 Nam.
2433 791 2466 856 I
2489 810 2551 857 v.
2585 793 2709 857 186
2733 822 2816 846 =

451 894 639 958 PLM
684 894 745 959 V
790 913 848 974 p.
897 894 994 957 11.
1084 892 1452 959 Genetivus
1484 911 1675 958 casus
1704 892 1967 956 Pliadae
2012 892 2309 958 Romana
2352 894 2816 960 terminatione

450 995 795 1077 praeditus
840 995 1091 1077 legitur
1128 997 1304 1076 apud
1345 995 1829 1062 Priscillianum
1879 997 2014 1060 Iob.
2060 996 2433 1061 XXXVIII
2463 998 2585 1077 313
2630 1015 2816 1062 accu-

451 1099 707 1165 sativus
767 1117 1044 1180 graecus
1099 1097 1330 1161 Pliada
1375 1099 1590 1165 Germ.
1656 1098 1772 1164 rel.
1819 1099 1914 1164 IV
1960 1100 2016 1182 9,
2076 1099 2221 1164 Val.
2266 1099 2486 1173 Flacc.
2530 1099 2600 1164 II
2658 1099 2816 1180 3573

451 1201 788 1268 ablativus
830 1200 1059 1264 Pliade
1104 1205 1296 1266 extat
1340 1221 1400 1267 v.
1446 1220 1497 1266 c.
1559 1204 1735 1281 apud
1781 1200 2090 1268 Ovidium
2135 1202 2317 1267 Fast.
2363 1202 2424 1267 V
2467 1204 2611 1283 447,
2671 1201 2816 1267 Val.

451 1303 670 1369 Flacc.
700 1304 735 1368 I
765 1305 909 1385 647,
941 1303 1036 1367 IV
1068 1305 1210 1386 269,
1256 1304 1504 1369 Lucan.
1542 1304 1710 1368 VIII
1758 1305 1901 1369 852.
1993 1306 2273 1370 Praeter
2315 1304 2516 1370 libros
2561 1304 2815 1385 lapides

450 1406 938 1486 perquirentem
970 1425 1071 1471 me
1102 1409 1300 1471 semel
1333 1425 1687 1487 cognomen
1712 1407 2005 1472 mulieris
2038 1426 2118 1472 ex
2142 1408 2264 1472 hoc
2294 1407 2510 1472 sidere
2533 1407 2814 1488 petitum

453 1508 726 1573 offendit
770 1508 912 1573 CIL
944 1509 1015 1574 II
1054 1510 1222 1574 3137
1269 1508 1720 1576 OCTAVIAE
1768 1510 2096 1575 PLIADI.
2165 1509 2283 1575 Cui
2316 1529 2444 1590 qua
2491 1512 2571 1575 de
2617 1529 2815 1575 causa

450 1612 573 1676 hoc
618 1611 899 1676 inditum
943 1611 1050 1694 sit,
1094 1612 1332 1678 nescio.

620 1714 936 1779 Italorum
967 1716 1292 1780 doctiores
1339 1715 1451 1795 qui
1495 1715 1691 1780 hodie
1736 1719 1909 1796 sunt,
1954 1719 2137 1779 astra
2174 1715 2425 1794 pleiade
2455 1715 2813 1797 appellant,

449 1816 764 1882 Lusitani
788 1817 1056 1899 pleiada,
1103 1817 1527 1898 Francogalli
1550 1817 1843 1898 pleiades,
1930 1817 2283 1882 Nostrates
2323 1836 2577 1896 quoque
2608 1816 2812 1882 inter-

449 1918 682 1984 mediis
726 1919 1037 1984 Romanis
1081 1938 1304 1985 vocem
1353 1919 1675 1985 Graecam
1722 1924 2130 1999 receperunt.

622 2022 1170 2088 commemorasse
1224 2021 1504 2102 denique
1550 2020 1841 2086 sufficiet
1889 2040 2072 2086 usum
2122 2024 2444 2102 quendam
2489 2022 2813 2102 poeticum

451 2123 856 2205 singularem
916 2124 1238 2206 vergilias
1305 2123 1587 2187 Pleiones
1651 2125 1758 2189 vel
1814 2123 2115 2188 Pleionen
2184 2124 2581 2205 appellandi.
2683 2123 2813 2190 Hic

451 2245 705 2307 quoque
768 2245 804 2292 e
850 2227 1247 2293 Graecorum
1306 2226 1552 2292 fabulis
1615 2227 1900 2293 ducitur.
1988 2227 2227 2292 Tradit
2288 2227 2459 2291 enim
2504 2226 2813 2309 Hyginus

448 2335 687 2396 astron.
713 2329 784 2394 Π
808 2332 884 2394 21
914 2330 1154 2411 ρ.’63Β
1184 2331 1537 2395 secundum
1565 2333 1780 2396 certos
1805 2335 2112 2395 auctores
2135 2329 2407 2395 Pliadas
2443 2331 2811 2411 appellatas

447 2433 610 2517 quod
654 2454 727 2496 ex
769 2432 995 2496 Plione
1043 2432 1271 2496 Oceani
1319 2438 1375 2496 et
1417 2434 1670 2496 Atlante
1712 2435 1843 2495 sint
1884 2433 2140 2517 natae.¹)
2231 2431 2376 2515 Qua
2420 2433 2813 2515 genealogia

446 2535 754 2603 Valerius
811 2535 1125 2619 FlaccuS,
1186 2535 1292 2603 cui
1350 2535 1618 2602 Pleione
1677 2535 2063 2601 innotuerat
2123 2535 2184 2620 (I
2232 2536 2397 2620 735),
2459 2541 2812 2603 commotus

446 2638 689 2705 cecinit
732 2640 803 2704 II
847 2641 928 2704 67
976 2640 1057 2704 de
1102 2639 1489 2702 Pleiones
1532 2638 1959 2722 Hyadumque
2004 2640 2165 2704 loeiS.

615 2742 843 2821 Neque
918 2746 1140 2805 tamen
1199 2743 1548 2805 concedam
1620 2740 1942 2822 vergilias
2017 2759 2321 2821 umquam
2397 2760 2435 2806 a
2502 2742 2812 2808 Romanis

444 2861 520 2905 se
531 2843 654 2921 pti
665 2842 862 2905 stell
872 2844 1035 2904 ium
1066 2843 1175 2908 vel
1203 2841 1416 2907 simile
1447 2842 1603 2923 quid
1635 2843 2004 2923 appellatas
2047 2861 2206 2925 esse,
2240 2846 2409 2923 quod
2440 2844 2812 2909 concineret

448 2962 590 3009 cum
651 2944 1050 3010 Graecorum
1133 2942 1519 3028 ἑπτάστερον
1596 2946 1706 3010 vel
1790 2940 2169 3028 ἑπτάστερος
2235 2945 2319 3030 (v.
2386 2945 2465 3010 E.
2526 2947 2595 3011 Μ
2615 2964 2759 3011 aas
2777 2965 2809 3011 s

446 3051 784 3112 comment.
828 3047 897 3112 in
942 3047 1129 3113 Arat.
1175 3048 1290 3112 rel.
1329 3067 1389 3129 p.
1418 3048 1574 3113 230:
1618 3046 1729 3110 διὰ
1770 3047 1879 3110 καὶ
1927 3043 2313 3133 ἑπτάστερον
2358 3046 2676 3129 καλεῖται;
2720 3049 2809 3114 ib.

444 3168 503 3230 p.
536 3150 705 3233 212).
792 3150 1095 3215 Fuerunt
1127 3150 1238 3231 qui
1284 3150 1404 3215 hoc
1449 3150 1785 3216 edicerent
1807 3151 1855 3234 ⁴²)
1902 3151 2223 3218 commoti.
2247 3169 2440 3217 versu
2486 3150 2808 3218 Ovidiano

442 3253 632 3318 Fast.
675 3252 773 3317 IV
821 3252 977 3316 170:

839 3374 1006 3436 quae
1053 3360 1306 3435 septem
1352 3355 1501 3438 dici,
1547 3374 1662 3421 sex
1705 3359 1927 3421 tamen
1973 3374 2118 3421 esse
2165 3357 2397 3422 solent.

611 3475 738 3541 His
784 3476 1009 3543 verbis
1063 3480 1261 3558 poeta
1320 3495 1446 3541 non
1508 3476 1847 3542 contendit
1904 3476 2223 3559 vergilias
2282 3481 2534 3558 septem
2577 3475 2806 3542 stellas

441 3577 785 3661 appellari,
830 3580 947 3645 sed
976 3578 1108 3644 dici
1146 3598 1187 3644 a
1216 3579 1452 3660 populo
1491 3584 1743 3660 septem
1773 3598 2041 3644 numero
2072 3598 2185 3645 eas
2214 3597 2378 3645 esse.
2467 3578 2654 3662 Quod
2699 3581 2808 3644 de-

440 3686 845 3747 monstratur
905 3681 1059 3747 aliis
1117 3687 1463 3763 poetarum
1509 3682 1944 3747 Romanorum
1999 3681 2179 3765 lociS‚
2237 3702 2298 3749 v.
2365 3701 2417 3747 c.
2477 3682 2806 3747 Ciceronis

444 3783 631 3848 Arat.
677 3803 736 3849 v.
766 3785 849 3848 29
894 3815 977 3838 =
1023 3785 1211 3849 PLM
1254 3785 1289 3849 I
1335 3803 1395 3865 p.
1442 3786 1513 3850 8:

792 3904 920 3968 hae
966 3910 1217 3986 septem
1264 3905 1467 3987 vulgo
1515 3904 1951 3986 perhibentur
1994 3924 2170 3971 more
2216 3909 2481 3970 vetusto

793 4006 1045 4089 stellae,
1092 4014 1451 4073 cernuntur
1498 4027 1651 4074 vero
1696 4027 1813 4073 sex
1859 4006 2145 4088 undique
2189 4026 2452 4089 parvae.

612 4143 974 4208 Praeterea
1004 4148 1265 4210 veteres
1295 4151 1535 4227 poetae
1564 4151 1818 4227 septem
1862 4145 2075 4211 stellis
2104 4145 2485 4211 indiderant
2513 4143 2804 4226 mythica

618 4313 653 4382 ¹)
691 4329 744 4367 v.
780 4312 927 4368 Serv.
966 4313 1163 4383 Georg.
1200 4314 1228 4367 I
1267 4314 1381 4383 138,
1418 4315 1733 4371 Pottium
1770 4314 1806 4368 l.
1843 4332 1884 4370 ε.
1921 4332 1973 4384 p.
2010 4314 2126 4370 283.

612 4399 654 4466 ²)
693 4414 744 4453 v.
782 4399 1104 4455 Pottium
1139 4401 1176 4455 l.
1214 4417 1254 4455 s.
1293 4417 1343 4469 p.
1382 4402 1499 4455 283.
