3576 5085
528 455 678 535 135]
973 452 1056 506 De
1092 451 1370 507 stellarum
1410 450 1777 520 appellatione
1814 455 1872 505 et
1905 449 2169 519 religione
2204 450 2453 504 Romana
2770 453 2897 517 227

526 625 786 706 defectis
835 644 910 688 ac
963 643 1080 704 pro
1148 629 1307 686 sorte
1367 624 1660 706 cuiusque
1719 622 2014 710 lucentia·
2045 621 2461 685 adnumerata
2520 621 2901 689 mortalibus.

527 726 655 791 Nec
727 745 868 790 cum
955 744 1068 789 suo
1140 745 1416 809 quaeque
1483 723 1727 789 homine
1806 731 1947 788 orta
2013 726 2373 787 moriuntur
2446 744 2553 787 nec
2627 725 2901 809 aliquem

526 830 810 914 eoetinyui
849 828 1112 892 decidua
1171 825 1604 912 siqnificant.¹)
1705 826 1912 893 Ortae
1974 831 2130 893 sunt
2191 846 2275 893 ex
2333 827 2459 893 hac
2518 825 2896 909 opinatione

526 931 941 999 narrationes
998 930 1159 996 illae
1232 929 1453 996 subito
1514 929 1661 996 visa
1722 948 1867 996 esse
1925 928 2146 995 lucida
2203 928 2485 1013 lumina,
2549 929 2664 996 ubi
2717 949 2899 1013 mag-

526 1054 650 1101 nus
706 1035 893 1101 homo
953 1034 1384 1099 nascebatur:
1444 1033 1828 1098 Alexander
1887 1032 2159 1098 Macedo
2221 1033 2419 1114 (Plut.
2484 1034 2671 1098 AleX.
2716 1032 2900 1118 ΧΙΙ),

525 1136 988 1219 MithradatcS‚
1048 1134 1364 1220 Caesar‚2)
1426 1135 1809 1201 Alexander
1867 1135 2148 1201 Severus
2209 1134 2396 1220 (Vita
2443 1135 2631 1200 Alex.
2675 1134 2898 1202 Sever.

526 1239 746 1324 XIII).
833 1238 1105 1304 Diutius
1151 1240 1322 1304 hanc
1365 1236 1663 1303 floruisse
1693 1236 2232 1320 superstitionem
2278 1255 2352 1303 eo
2389 1238 2896 1320 demonstratur,

528 1343 701 1424 quod
729 1341 1069 1407 refutatur
1098 1342 1182 1407 ab
1213 1340 1500 1406 Eusebio
1533 1340 1985 1406 Alexandrino
2016 1338 2197 1424 (περὶ
2228 1337 2638 1424 ἀστρονόμων
2680 1340 2902 1406 I—IV

530 1464 681 1527 pag.
741 1446 821 1510 18
867 1443 1103 1526 Thilo).
1204 1443 1298 1508 Et
1357 1443 1569 1509 medio
1631 1462 1796 1511 aevo
1857 1442 2157 1508 audimus
2208 1443 2626 1523 Radolphum
2686 1460 2900 1508 sacer-

531 1548 747 1613 dotem
792 1546 1042 1613 saeculi
1085 1544 1414 1612 undecimi
1446 1546 1958 1611 declamantem:
2009 1544 2219 1609 Cavete
2243 1545 2482 1626 fratres
2523 1545 2599 1608 ab
2643 1547 2746 1628 eia,
2792 1546 2904 1629 qui

436 1641 441 1647 ’
528 1652 932 1732 mentiuntur,
977 1648 1140 1733 quod
1183 1648 1436 1732 quando
1480 1650 1736 1732 quisque
1780 1650 2081 1730 nascitur,
2127 1648 2305 1712 stella
2347 1668 2466 1711 sua
2508 1668 2710 1711 secum
2754 1667 2900 1712 nas·-

528 1754 709 1835 citur,
754 1773 878 1836 qua
921 1752 1134 1832 fatum
1178 1755 1307 1815 eius
1352 1750 1826 1835 constituitur.³)
1914 1751 2163 1816 Eodem
2194 1750 2476 1816 fortasse
2512 1769 2728 1833 8011811,
2775 1769 2904 1831 quo

525 1855 638 1919 hic
681 1855 896 1920 utitur
941 1853 1195 1920 voculis
1231 1853 1409 1917 stella
1452 1873 1589 1935 sua,
1634 1853 1764 1919 iam
1796 1851 2087 1933 antiquis
2135 1852 2539 1934 temporibus
2571 1852 2743 1918 dixit
2787 1852 2900 1933 qui

532 1956 895 2037 composuit
941 1974 1134 2022 carm.
1178 1956 1294 2021 lat.
1340 1955 1545 2038 epigr.
1595 1956 1769 2022 1536
1817 1955 2241 2021 Buecheleri:

837 2074 1221 2170 properavit
1268 2080 1470 2141 aetas.
1516 2075 1731 2143 voluit
1773 2075 1896 2141 hoc
1942 2079 2195 2141 astrum
2242 2093 2469 2140 meum.

702 2213 833 2279 Sed
862 2213 992 2278 iam
1025 2213 1316 2294 antiquis
1345 2213 1749 2295 temporibus
1771 2212 1972 2279 etiam
2003 2232 2076 2278 eo
2107 2218 2553 2294 pervenerunt
2583 2212 2899 2296 homineS‚

529 2320 607 2382 ut
668 2321 1137 2398 cognoscerent
1196 2317 1428 2383 stellas
1488 2315 1725 2381 animis
1786 2316 2090 2383 humanis
2150 2320 2268 2381 aut
2333 2314 2577 2382 divinis
2636 2314 2899 2381 minime

530 2437 676 2486 esse
704 2418 1062 2501 praeditas,
1092 2419 1285 2485 immo
1310 2438 1582 2501 corpora
1611 2419 1808 2502 ignea
1839 2437 1980 2485 esse
2013 2419 2195 2485 caelo
2226 2418 2459 2484 adfixa.
2506 2418 2690 2484 Haec
2722 2420 2900 2499 apud

530 2523 893 2605 complures
938 2524 1137 2589 rudes
1184 2524 1455 2606 populos
1485 2523 1760 2606 vulgata
1808 2528 1910 2590 est
1940 2521 2315 2607 opinatio,⁴=)
2357 2523 2470 2603 qui
2514 2523 2897 2604 plerumque

530 2630 773 2715 putant
798 2626 1052 2692 lumina
1096 2626 1168 2691 in
1212 2628 1396 2692 caelo
1428 2626 1705 2692 cottidie
1747 2645 1920 2694 nova
1967 2633 2036 2692 et
2078 2626 2347 2692 accendi
2402 2631 2471 2692 et
2516 2625 2898 2711 extingui.⁵)

529 2729 714 2811 Quae
774 2728 1112 2794 sententia
1172 2733 1357 2794 astra
1417 2746 1693 2809 corpora
1759 2729 1960 2811 ignea
2022 2748 2166 2795 esse
2225 2733 2457 2811 postea
2513 2748 2554 2794 a
2613 2730 2900 2795 scientia

531 2831 956 2912 comprobata
986 2834 1090 2896 est
1119 2835 1320 2913 atque
1352 2850 1483 2896 una
1507 2850 1653 2897 cum
1684 2831 2086 2898 Graecorum
2109 2830 2523 2913 philosophia
2542 2832 2594 2917 ⁶)
2624 2831 2896 2898 Romam

530 2932 848 3014 pervenit.
894 2933 1133 3014 Itaque
1164 2939 1348 3000 astra
1377 2938 1535 3000 sunt
1557 2952 1829 3016 corpora
1852 2934 2150 3001 flammea
2182 2934 2336 3017 (Cic.
2361 2936 2442 3000 de
2465 2940 2602 3000 nat.
2625 2936 2797 3001 deor.
2827 2933 2901 3000 II

535 3035 684 3120 118)
729 3035 838 3102 vel
879 3055 921 3100 a
964 3036 1099 3102 sole
1138 3036 1514 3103 illuminata
1558 3036 1814 3119 (Isidor.
1859 3037 2018 3120 orig.
2064 3038 2172 3103 III
2210 3038 2335 3123 61),
2380 3036 2627 3105 formae
2671 3041 2897 3103 rotun-

534 3139 658 3203 dae
703 3136 858 3222 (Cic.
902 3139 983 3204 de
1027 3144 1160 3204 nat.
1193 3141 1364 3205 deor.
1394 3139 1466 3205 H
1500 3140 1666 3225 117),
1697 3140 2028 3207 aethereis
2060 3141 2284 3205 adfixa
2329 3138 2633 3208 cavernis
2677 3139 2898 3224 (Lucr.

532 3241 629 3307 IV
681 3240 854 3326 391),
881 3241 927 3326 7)
994 3242 1105 3310 vel
1164 3244 1343 3308 caelo
1411 3243 1847 3309 adhaerentia
1905 3243 2104 3329 (Plin.
2160 3245 2313 3309 Nat.
2381 3243 2535 3308 hist.
2597 3243 2668 3309 II
2731 3241 2900 3326 106),

704 3410 744 3481 ¹)
782 3410 1071 3465 Simillima
1094 3411 1326 3466 Graecos
1349 3428 1446 3481 pro
1469 3412 1614 3467 veris
1637 3412 1895 3468 habuisse
1919 3413 2326 3467 demonstratur
2350 3412 2684 3467 Artemidori
2714 3411 2895 3467 verbis

527 3497 799 3553 onirocrit.
841 3497 903 3551 II
937 3496 1031 3552 36:
1094 3498 1217 3548 οὔτε
1259 3494 1319 3548 δὲ
1366 3501 1785 3553 καταπίπτοντες
1832 3500 1907 3553 εἰς
1952 3507 2053 3568 γῆν
2101 3502 2153 3550 οἱ
2201 3501 2419 3569 ἀστέρες
2484 3500 2618 3550 εἰσίν
2666 3498 2895 3567 ἀγαθοί·

526 3579 741 3634 πολλῶν
773 3586 877 3652 γὰρ
902 3579 1137 3653 ὄλεθρον
1156 3588 1532 3650 μαντεύονται,
1556 3588 1647 3635 καὶ
1672 3581 1972 3654 ἀξιολόγων
2002 3587 2107 3652 μὲν
2131 3581 2348 3654 ἀνδρῶν
2382 3587 2433 3634 οἱ
2455 3581 2697 3653 μεγάλοι,
2733 3581 2898 3635 λιτῶν

528 3665 587 3718 δὲ
622 3672 712 3719 καὶ
748 3671 972 3735 ἀσήμων
1007 3672 1059 3720 οἱ
1094 3667 1277 3720 λεπτοὶ
1311 3673 1402 3719 καὶ
1438 3671 1687 3740 ἀμαυροῖ.
1741 3670 1820 3726 Et
1856 3670 1908 3724 V
1943 3670 2040 3725 23:
2090 3672 2121 3720 ὁ
2166 3672 2272 3737 μὲν
2306 3668 2402 3721 οὖν
2438 3672 2605 3740 ἀστὴρ
2643 3671 2896 3736 ἐσήμαινε

527 3757 627 3803 τὸν
663 3754 1126 3821 ἀποθανούμενον.

703 3839 746 3907 ⁹)
781 3840 1027 3895 Soltau
1061 3840 1174 3895 Die
1214 3839 1747 3911 Geburtsyeschichte
1787 3840 1995 3896 Christi
2029 3858 2156 3911 pag.
2193 3841 2278 3896 20.

705 3924 748 3993 ⁸)
783 3924 835 3978 J.
874 3924 1126 3980 Grimm
1161 3926 1197 3982 l.
1234 3926 1269 3980 1.
1305 3926 1368 3980 II
1401 3943 1529 3996 pag.
1568 3926 1686 3980 717.
1768 3927 1921 3981 Idem
1958 3943 2084 3996 pag.
2124 3926 2227 3980 602
2263 3926 2625 3982 Lituanorum
2660 3926 2892 3981 similem

529 4008 772 4064 fabulam
819 4009 996 4066 affert.
1077 4011 1470 4066 Germanorum
1517 4012 1586 4067 de
1629 4012 1751 4067 luce
1786 4012 1949 4067 vitali
1994 4014 2360 4067 narrationem
2407 4013 2514 4066 huc
2562 4017 2897 4081 spectantem

529 4095 806 4150 recensuit
839 4095 995 4151 Gust.
1032 4097 1264 4164 Meyer
1297 4096 1512 4166 Essays
1545 4096 1665 4152 und
1701 4096 1936 4153 Smdiem
1971 4096 2212 4152 Berolini
2248 4097 2385 4152 1885
2417 4114 2544 4167 pag.
2582 4097 2698 4151 282.

701 4179 747 4249 ⁴)
783 4181 1034 4236 Ratzel
1080 4181 1449 4237 Volkerkunde
1483 4183 1512 4236 I
1546 4199 1674 4253 pag.
1711 4183 1796 4253 76,
1832 4183 1885 4238 J.
1923 4183 2178 4238 Grimm
2211 4183 2249 4238 l.
2285 4184 2320 4239 1.
2356 4200 2484 4253 pag.
2522 4183 2640 4237 602.

700 4266 745 4335 ⁶)
779 4266 921 4321 Vide
955 4282 1119 4335 supra
1152 4284 1279 4337 pag.
1318 4269 1436 4324 125.
1719 4268 1762 4339 ⁰)
1800 4269 1959 4339 Diog.
1996 4269 2181 4325 Laert.
2217 4269 2328 4326 VH
2366 4269 2482 4324 145.

705 4352 747 4420 7)
781 4351 1077 4408 Praeterea
1124 4352 1348 4408 afferam
1384 4354 1647 4423 Varronis
1694 4360 1798 4409 sat.
1847 4370 1986 4409 men.
2023 4355 2185 4420 frgm.
2234 4354 2352 4423 269,
2395 4355 2430 4407 5
2466 4353 2602 4408 leves
2637 4368 2899 4408 cavernae

525 4453 753 4506 ατινεαες
790 4437 898 4493 Cic.
936 4437 1094 4494 Tusc.
1131 4440 1161 4493 I
1195 4438 1278 4509 25,
1316 4439 1368 4494 V
1390 4439 1475 4510 69,
1513 4440 1646 4509 Rep.
1684 4441 1714 4494 I
1736 4441 1821 4510 22,
1859 4441 1925 4495 de
1960 4445 2074 4495 nat.
2113 4440 2257 4496 deor.
2291 4441 2351 4494 11
2374 4439 2459 4509 54,
2495 4439 2554 4494 Π
2580 4438 2695 4508 103,
2730 4439 2897 4493 Acad.
