3576 5085
739 376 865 440 188
1640 371 1944 426 Guilelmus
1980 369 2193 424 Gundel
2994 369 3106 456 [96

733 545 1014 620 nomina,
1056 549 1129 609 ut
1159 545 1283 609 hac
1314 562 1566 625 quoque
1601 544 1681 607 de
1713 559 1913 607 causa
1945 541 2220 608 Ovidius
2251 560 2366 606 suo
2411 541 2554 606 iure
2586 541 2709 604 dici
2738 540 3103 622 scripserit,

739 655 815 714 ut
859 647 927 713 in
974 646 1404 728 sequentibus
1450 649 1754 711 autumat
1800 644 2024 710 Cicero
2069 663 2131 711 v.
2177 644 2358 726 322¹)

2040 746 2305 812 ratione
2348 747 2493 812 sine
2538 745 2675 811 ulla

1087 856 1340 933 septem
1387 851 1609 933 dicier,
1655 856 1730 915 ut
1775 854 2038 916 veteres
2082 852 2380 915 statuere
2422 853 2675 931 poetae,

1089 960 1360 1020 aeterno
1392 958 1663 1019 cunctas
1711 972 1872 1018 sane
1919 951 2032 1033 qui
2076 951 2336 1016 nomine
2377 950 2677 1034 dignant.

909 1076 1149 1140 Actum
1182 1074 1271 1139 sit
1294 1073 1504 1156 igitur
1536 1077 1616 1138 de
1651 1072 1956 1153 opinione
1987 1071 2104 1136 illa
2147 1071 2462 1154 vergilias
2493 1090 2750 1152 quoque
2780 1073 3102 1152 quondam

737 1182 991 1258 septem
1034 1177 1286 1243 triones
1333 1177 1704 1257 appellatas
1751 1173 1977 1241 fuisse.

1334 1399 1398 1466 ll.
1469 1398 1554 1466 De
1600 1397 2020 1481 vergiliarum
2069 1396 2498 1482 opinionibus.

908 1568 1186 1634 Veteres
1230 1566 1523 1648 Romani,
1570 1566 1683 1647 qui
1712 1566 2015 1631 Pliadum
2057 1566 2286 1631 stellas
2332 1566 2589 1648 virgam
2624 1565 2911 1646 aliquam
2956 1585 3104 1633 esse

734 1673 1068 1754 putabant
1111 1670 1295 1735 bacis
1326 1668 1645 1735 consitam
1686 1688 1988 1750 uvaeque
2019 1668 2314 1751 similem,
2352 1674 2428 1733 ut
2458 1669 2784 1749 eligerent
2813 1670 3105 1751 appella-

734 1775 981 1840 tionem
1026 1772 1348 1856 vergilias
1408 1772 1687 1854 simplici
1746 1771 2039 1854 ratione,
2107 1790 2233 1836 non
2294 1770 2613 1853 religione
2676 1771 3107 1838 ducebantur.

735 1877 829 1943 Et
889 1876 946 1941 si
1006 1883 1236 1957 postea
1296 1874 1801 1957 superstitiones
1867 1875 2220 1940 nonnullae
2279 1875 2360 1939 de
2423 1873 2729 1956 vergiliis
2788 1874 3106 1940 Romanis

734 1984 1049 2061 acceptae
1093 1978 1382 2058 fuerunt,
1428 1997 1503 2042 eo
1536 1981 1613 2043 ut
1645 1978 1893 2042 cultum
1926 1977 2023 2042 eis
2054 1978 2239 2042 velut
2283 1977 2621 2042 caniculae
2656 1976 3107 2061 instituerent,

739 2081 1134 2163 processisse
1178 2099 1305 2145 non
1353 2079 1679 2146 videntur.

908 2184 1003 2248 Ut
1048 2182 1230 2247 sidus
1276 2183 1453 2247 haud
1498 2182 1598 2246 ita
1642 2182 1933 2247 lucidum
1980 2181 2427 2263 appellatione
2474 2182 2943 2265 discernerent,
2990 2183 3103 2247 ad-

741 2287 1156 2351 ducebantur
1201 2284 1567 2349 observatis
1599 2284 1738 2348 eius
1779 2288 1929 2349 ortu
1961 2288 2032 2348 et
2076 2303 2325 2367 occasa,
2378 2303 2538 2364 quos
2585 2284 2928 2350 concinere
2959 2304 3106 2349 cum

741 2387 898 2452 anni
957 2387 1359 2468 temporibus
1406 2386 1735 2467 agricolae
1792 2387 2181 2453 necessariis
2243 2387 2877 2453 animadverterant.
2963 2389 3108 2453 Hoc

740 2489 912 2555 idem
959 2489 1232 2557 Graecis
1278 2508 1533 2570 quoque
1578 2489 1935 2573 acciderat,
1993 2508 2263 2570 quorum
2316 2489 2446 2555 iam
2492 2489 2818 2556 Hesiodus
2866 2489 3107 2556 cecinit

742 2592 933 2674 Oper.
980 2594 1106 2658 383
1131 2612 1250 2673 sq.:

1193 2693 1532 2780 Πληϊάόων
1563 2693 1976 2778 Ἀτλαγενέων
2019 2692 2566 2775 ἐπιτελλομενάων

1201 2797 1469 2881 ἄρχεσθ’
1516 2799 1777 2884 ἀμήτου,
1826 2796 2083 2881 ἀρότοιο
2130 2795 2200 2860 δὲ
2246 2795 2669 2878 δυσομενάων.

912 2901 1100 2983 Quod
1131 2920 1273 2966 cum
1301 2902 1401 2966 ita
1432 2902 1537 2984 sit,
1583 2902 1796 2967 oritur
1828 2901 2186 2966 difficultas
2232 2901 2633 2985 secernendi,
2679 2903 2760 2966 de
2792 2901 3107 2984 Vergiliis

741 3003 900 3085 quid
958 3004 1235 3069 Romani
1298 3004 1429 3084 ipsi
1493 3006 1858 3070 statuerint
1931 3004 2212 3085 quidque
2273 3024 2313 3068 a
2373 3004 2646 3070 Graecis
2712 3005 3108 3086 acceperint.

742 3107 1007 3171 Certum
1053 3111 1312 3171 tantum
1374 3111 1475 3171 est
1521 3109 1604 3171 ad
1661 3107 1778 3173 hos
1839 3106 2058 3172 redire
2101 3109 2348 3190 poetaS‚
2409 3107 2520 3188 qui
2582 3109 2667 3171 ad
2712 3109 2992 3172 Aratum
3035 3126 3109 3173 se

740 3207 1194 3290 applicarunt,
1257 3208 1627 3274 Ciceronem
1695 3209 1840 3276 dico
1900 3209 2359 3276 Germanicum
2422 3210 2783 3293 Avienum,
2842 3214 2918 3276 ut
2977 3229 3108 3276 om-

740 3311 895 3376 nino
940 3316 1169 3392 poetas
1207 3312 1451 3378 colores
1497 3331 1532 3377 e
1575 3312 1862 3378 Graecia
1906 3312 2032 3378 sibi
2080 3332 2490 3395 comparasse
2536 3314 2682 3379 veri
2729 3317 2831 3379 est
2877 3313 3109 3397 simile,

741 3431 886 3478 cum
917 3413 986 3478 in
1018 3413 1448 3495 scriptoribus
1480 3416 1740 3480 solutae
1773 3415 2089 3481 orationis
2126 3415 2386 3495 saepius
2419 3416 2699 3498 dubiteS,
2729 3417 2986 3497 patrias
3020 3435 3109 3482 an

740 3515 1125 3596 peregrinas
1169 3515 1506 3598 opiniones
1553 3520 1847 3582 tradant.

913 3617 1233 3699 Incipiam
1276 3622 1498 3684 tamen
1532 3639 1572 3683 a
1606 3638 1841 3699 prosae
1873 3619 2191 3685 orationis
2224 3620 2605 3686 auctoribus
2631 3626 2862 3702 utpote
2891 3621 3109 3686 minus

743 3720 1325 3802 graecissantibuS.
1416 3721 1700 3803 Quorum
1746 3723 2003 3787 Plinius
2046 3741 2164 3788 nos
2209 3726 2445 3805 monet,
2506 3724 2737 3803 quanti
2795 3723 3111 3789 momenti

741 3821 1065 3904 vergiliae
1122 3822 1438 3889 Romanis
1498 3823 1807 3905 agricolis
1876 3824 2158 3905 fuerint,
2224 3824 2377 3890 Nat.
2436 3824 2593 3890 hist.
2652 3826 2892 3892 XVIII
2949 3827 3109 3891 280:

741 3944 1011 4008 namque
1040 3926 1326 4006 veryiliae
1362 3928 1710 4009 primatum
1741 3929 2006 3990 attinent
2035 3927 2119 3989 ad
2146 3928 2418 4011 fructus,
2466 3934 2537 3991 ut
2580 3949 2856 4013 quarum
2892 3935 3110 3993 exortu

741 4033 945 4090 aestas
984 4029 1260 4112 incipiat,
1303 4049 1520 4092 occasa
1561 4028 1771 4110 hiemS,
1815 4031 2132 4093 semenstri
2174 4032 2377 4111 spatio
2404 4032 2579 4094 intra
2622 4051 2686 4094 se
2717 4051 2931 4095 messes
2974 4032 3109 4094 vin-

742 4129 1094 4214 demiasque
1151 4138 1206 4193 et
1261 4133 1541 4194 omnium
1602 4134 2024 4195 maturitatem
2082 4133 2443 4216 complexae,
2468 4133 2517 4218 ²)
2586 4139 2785 4214 atque
2845 4132 3110 4199 serendi

919 4267 957 4333 ¹)
996 4283 1047 4321 v.
1083 4267 1239 4322 Arat.
1276 4283 1328 4321 v.
1366 4267 1468 4320 254
1487 4284 1628 4336 sqq.;
1667 4267 1846 4322 Germ.
1884 4269 2040 4324 Arat.
2083 4268 2185 4322 259
2205 4286 2319 4336 sqq.

917 4351 957 4421 ²)
995 4352 1074 4406 Of.
1112 4353 1279 4407 etiam
1315 4353 1458 4407 Plin.
1495 4354 1621 4408 Nat.
1659 4354 1786 4408 hist.
1819 4355 1879 4408 II
1914 4355 2016 4408 123
2034 4371 2167 4424 sqq„
2205 4354 2410 4424 Hygin.
2448 4360 2649 4410 astron.
2687 4355 2746 4409 H
2781 4355 2843 4407 21
2881 4371 2935 4423 p.
2960 4354 3029 4407 64
3043 4357 3112 4411 Β.
