3576 5085
688 440 816 506 202
1591 438 1895 493 Guilelmus
1929 437 2144 492 Gundel
2901 436 3062 526 [110

688 608 1036 691 efflorando,
1080 628 1147 672 eo
1191 608 1356 693 quod
1411 629 1483 672 ca
1540 610 1899 693 naviyantes
1957 607 2400 672 considerando
2457 608 2747 692 diriquut
2800 629 3060 674 cursum

687 712 1159 795 consiliumque.
1195 732 1271 775 uc
1324 711 1662 792 fallacibus
1725 710 1920 774 undis
1990 717 2102 773 aut
2180 713 2370 774 ventis
2438 710 2590 775 alibi
2645 711 3059 780 deducantur.

687 813 1069 881 Riccioli
1112 815 1154 879 l.
1199 815 1239 880 1.
1276 814 1312 879 I
1353 833 1415 895 p.
1446 814 1572 879 393
1603 814 1842 879 omisso
1887 820 2231 879 auctorum
2275 813 2539 879 nomine
2567 832 2685 880 nos
2728 814 2925 881 reicit
2966 817 3056 881 ad

689 918 874 1001 eOS‚¹)
920 917 1033 999 qui
1077 920 1313 998 putent
1357 917 1674 980 convenire
1716 935 1938 979 nomen
1973 914 2211 998 sideris,
2248 918 2432 999 quasi
2459 915 2717 980 oriundi
2744 938 2786 980 a
2817 916 3056 982 Graeco

687 1018 1022 1084 συνείδεινε
1066 1019 1175 1082 hoc
1217 1026 1304 1083 est
1347 1019 1425 1082 ab
1470 1040 1538 1082 co
1581 1018 1745 1103 quod
1787 1019 1981 1082 simul
2019 1019 2228 1101 plures
2256 1020 2328 1081 in
2364 1039 2430 1082 eo
2458 1019 2662 1082 stellae
2703 1019 3054 1088 videantur.

683 1124 935 1190 Probat
978 1141 1136 1190 vero
1203 1121 1402 1188 aliam
1462 1121 1893 1202 sententiam,
1958 1139 2087 1200 qua
2131 1120 2407 1186 verbum
2468 1121 2710 1202 quippe
2767 1122 3053 1189 latinum

682 1227 1024 1291 derivetur
1067 1247 1109 1288 a
1150 1224 1410 1288 sedendo
1453 1226 1582 1287 sive
1621 1223 1995 1287 subsidendo
2039 1225 2108 1286 iu
2145 1242 2377 1286 occasu.
2462 1223 2929 1290 Recentiorum
2973 1226 3050 1291 L.

681 1328 1153 1394 Doderlein
1200 1325 1442 1391 conicit
1485 1325 1665 1391 sidus
1711 1327 2060 1391 deductum
2106 1344 2250 1392 esse
2296 1344 2338 1390 a
2366 1326 2502 1409 siqo
2545 1327 2607 1392 h.
2638 1345 2691 1391 e.
2728 1326 2867 1390 dico
2911 1327 3049 1411 (1.1.

680 1431 778 1496 IV
821 1449 973 1511 pag.
1029 1431 1155 1494 413
1173 1429 1293 1512 sq.)
1354 1433 1473 1494 aut
1518 1447 1559 1493 a
1603 1428 1999 1494 Graecorum
2045 1422 2215 1502 εἶδος
2273 1428 2387 1510 (ib.
2431 1428 2530 1493 VI
2572 1447 2722 1511 pag.
2768 1430 2927 1511 3343
2987 1450 3049 1497 v.

679 1532 744 1597 J.
779 1533 1152 1598 Bartsch
1183 1532 1322 1597 loco
1352 1531 1531 1596 infra
1569 1530 1639 1595 in
1671 1530 2093 1596 adnotatione
2124 1529 2443 1613 laudato).
2501 1530 2631 1596 Sed
2662 1531 2827 1597 haee
2858 1550 3051 1598 cona·

678 1634 858 1700 mina
887 1640 1202 1716 superata
1232 1640 1403 1716 sunt,
1433 1637 1780 1714 postquam
1812 1632 1888 1698 F.
1917 1632 2247 1698 Froehd
2265 1651 2302 1697 e
2332 1632 2535 1717 (Bezz.
2565 1633 2858 1716 Beitra‘qe
2878 1635 3047 1700 XIV
3107 1646 3112 1650 ’

678 1756 828 1820 pag.
871 1738 1021 1820 111)
1064 1755 1289 1804 vocem
1320 1735 1680 1817 composuit
1710 1754 1856 1801 cum
1890 1735 2328 1801 Lituanorum
2368 1734 2585 1799 svidus
2613 1736 2675 1801 h.
2705 1755 2758 1801 e.
2788 1736 3046 1803 nitens:

678 1859 869 1921 quam
887 1840 1392 1923 originationem
1417 1839 1615 1905 etiam
1635 1839 1709 1904 F.
1727 1838 1771 1903 S
1790 1838 1947 1903 olm
1964 1857 1995 1903 s
2014 1857 2050 1903 e
2066 1857 2108 1902 n
2132 1838 2444 1918 probavit
2461 1837 3046 1921 (Untcrsuchunqen

673 1963 796 2006 zur
835 1943 1245 2027 yriechischeu
1290 1943 1484 2006 Laut-
1527 1941 1664 2004 und
1717 1940 2036 2004 Vcrslchre
2064 1959 2124 2021 p.
2162 1941 2287 2005 206
2333 1942 2483 2006 adn.
2512 1940 2596 2024 5).
2685 1940 2791 2007 Sit
2833 1941 3047 2024 igitur

675 2046 855 2109 sidus
881 2044 954 2107 τὸ
978 2043 1291 2128 λαμπρὸν,
1329 2046 1499 2125 quod
1528 2063 1761 2109 nomen
1793 2045 2014 2109 eodem
2044 2044 2229 2108 modo
2260 2043 2482 2124 plures
2513 2043 2760 2109 indicet
2789 2044 3045 2128 stellaS,
3109 2110 3114 2114 ,

678 2167 802 2229 quo
843 2168 1025 2230 pecus
1068 2149 1428 2228 complures
1472 2145 1739 2212 bestias

848 2249 1094 2331 Quodsi
1125 2249 1255 2314 iam
1278 2269 1319 2314 a
1342 2241 1709 2313 nominibus
1735 2249 1823 2313 ad
1845 2247 2182 2330 opiniones
2205 2247 2668 2330 convertimur,
2690 2250 3040 2317 materiam

674 2352 1099 2434 aggredimur
1142 2350 1628 2433 difficillimam,
1687 2350 1757 2414 in
1820 2369 1949 2431 qua
2004 2369 2172 2431 quae
2235 2368 2392 2416 vere
2451 2356 2635 2415 certa
2691 2351 2830 2416 sint
2887 2371 3038 2418 raro

673 2459 934 2519 tantum
967 2453 1264 2534 proferre
1294 2453 1466 2518 licet.
1521 2453 1746 2534 Neque
1778 2453 1952 2517 enim
1984 2472 2066 2518 ex
2095 2451 2355 2518 nomine
2392 2452 2548 2535 ips0‚
2580 2472 2704 2534 quo
2735 2451 3050 2521 flammae

671 2558 988 2624 caelestes
1034 2576 1075 2622 a
1104 2557 1416 2624 Romanis
1447 2557 1599 2622 olim
1632 2557 2004 2638 appellatae
2034 2561 2242 2638 erant,
2288 2556 2458 2622 certi
2497 2557 2654 2638 quid
2687 2559 2767 2623 de
2812 2558 3037 2639 prisca

670 2660 993 2742 religione
1022 2660 1322 2726 Romana
1353 2659 1647 2726 concludi
1677 2663 1914 2741 potest,
1952 2678 2164 2740 neque
2195 2658 2355 2724 talis
2385 2664 2683 2725 veterum
2720 2660 3038 2726 memoria

672 2769 791 2846 est,
837 2768 914 2829 ut
957 2770 1189 2845 aperte
1234 2764 1512 2845 dicatur,
1557 2762 1713 2844 quid
1750 2762 1957 2843 prisci
2001 2761 2387 2827 Latinorum
2435 2761 2660 2843 populi
2689 2763 3034 2829 senserint.

668 2867 763 2932 Et
807 2867 867 2932 si
912 2869 1171 2949 quando
1216 2871 1567 2932 occurrunt
1612 2865 1806 2930 huius
1849 2864 1948 2930 rei
1978 2865 2376 2946 testimonia,
2421 2883 2548 2930 non
2588 2883 2845 2946 semper
2872 2885 3034 2932 vera

665 2972 964 3036 tradunt.
1052 2970 1128 3035 V.
1176 2988 1227 3035 c.
1271 2970 1587 3035 habemus
1634 2967 1859 3034 Ovidii
1902 2966 2231 3032 distichon
2276 2968 2459 3033 Fast.
2504 2967 2611 3032 III
2658 2970 2780 3034 111
2806 2987 2930 3050 sq.:

976 3072 1191 3137 libera
1235 3073 1595 3136 currebant
1636 3088 1766 3135 non
1811 3070 2170 3136 observata
2215 3088 2338 3150 per
2380 3089 2621 3136 annum

1078 3174 1330 3239 sidera:
1375 3174 1726 3238 constabat
1768 3175 1887 3238 sed
1933 3177 2154 3237 tamen
2201 3190 2346 3237 esse
2391 3173 2563 3238 deos,

838 3277 1027 3359 Quod
1070 3277 1128 3341 si
1162 3294 1615 3358 comparamus
1650 3295 1795 3341 cum
1827 3274 1924 3340 eis
1954 3293 2125 3355 quae
2157 3274 2375 3355 capite
2404 3274 2612 3355 primo
2645 3278 2716 3340 et
2745 3278 3033 3343 secundo

665 3380 964 3461 diximUS‚
1020 3379 1251 3445 statim
1310 3379 1683 3445 videbimus
1744 3380 2073 3458 quadrare
2140 3378 2260 3442 hoc
2317 3378 2403 3442 ad
2462 3376 2844 3461 caniculam,
2900 3398 3031 3444 non

663 3486 991 3564 quadrare
1035 3484 1120 3547 ad
1163 3481 1476 3563 vergilias
1520 3480 1782 3563 iugulas
1841 3480 2346 3561 septemtriones
2405 3478 2584 3545 alios
2674 3479 3031 3547 Oriebatur

663 3590 883 3651 autem
939 3584 1095 3650 talis
1156 3603 1368 3665 error,
1431 3585 1582 3648 dum
1641 3601 1771 3647 non
1834 3587 1972 3647 tam
2031 3587 2333 3649 veterum
2378 3581 2767 3648 Latinorum
2831 3602 3028 3664 quam

662 3686 1100 3753 recentiorum
1160 3686 1556 3753 Graecorum
1617 3684 1956 3766 opiniones
2015 3685 2380 3750 curabant.
2448 3683 2648 3750 Cuius
2705 3685 2806 3751 rei
2862 3686 3027 3752 luei-

662 3789 998 3856 dissimum
1053 3790 1420 3870 exemplum
1481 3789 1760 3854 Plautus
1821 3788 1893 3853 in
1936 3785 2263 3853 Rudentis
2324 3787 2591 3868 prologo
2652 3787 2832 3873 est.²)
2917 3788 3025 3854 Ibi

839 3927 874 3994 ¹)
911 3926 1164 3980 Fortasse
1182 3924 1406 3993 respicit
1428 3923 1657 3978 Riccioli
1678 3924 1940 3979 Jacobum
1966 3922 2296 3992 Bartsch,
2324 3921 2493 3989 quiin
2523 3921 2639 3977 Usu
2660 3923 3024 3978 astronomici

649 4010 1057 4083 planisphaerii
1101 4027 1228 4079 pag.
1277 4010 1347 4064 40
1389 4009 1591 4063 similia
1637 4008 1873 4076 profert3
1926 4022 2101 4074 neque
2147 4023 2277 4062 vero
2326 4007 2460 4061 dicit
2509 4006 2861 4062 derivandam
2906 4024 3030 4064 esse

657 4112 839 4153 vocem
872 4097 940 4151 ab
965 4095 1235 4165 συνείδειν,
1261 4096 1356 4150 sed
1383 4095 1449 4149 ab
1475 4113 1570 4145 συν
1593 4097 1651 4148 et
1675 4090 1831 4161 εἶδος,
1857 4093 1998 4160 quod
2021 4092 2207 4160 plures
2235 4093 2431 4147 stellae
2453 4092 2512 4147 in
2535 4107 2699 4147 unam
2723 4093 3019 4163 imaginem

655 4184 911 4238 redactae
948 4188 1157 4239 essent.
2528 4223 2530 4227 ,

831 4268 871 4336 ²)
908 4268 974 4324 V.
1023 4282 1189 4335 supra
1241 4281 1369 4334 pag.
1419 4264 1489 4318 48
1502 4281 1645 4333 sqq.;
1711 4263 1774 4319 F.
1822 4263 2014 4318 Marx
2072 4263 2554 4332 interpretationes
2609 4261 2842 4333 latinae,
2897 4260 3018 4319 Ind.

653 4355 776 4409 lect.
813 4352 1121 4421 Gryphisw.
1150 4351 1397 4419 18921933
1435 4350 1691 4404 Kaibel
1726 4349 1913 4404 Herm.
1939 4350 2126 4403 XXIX
2151 4348 2250 4417 843
2286 4365 2340 4403 v.
2378 4348 2545 4404 etiam
2583 4349 2640 4403 C.
2667 4347 3028 4405 Dziatzko

656 4438 786 4493 iiber
822 4438 926 4492 den
961 4437 1374 4506 Rudcnsproloq
1409 4435 1500 4491 des
1535 4435 1793 4504 Plautus,
1841 4436 1978 4489 Mus.
2015 4435 2187 4490 Rhen.
2223 4435 2412 4491 XXIV
2446 4451 2499 4503 p.
2535 4433 2655 4489 580.
