3576 5085
583 425 691 511 85]
1029 427 1110 479 De
1147 425 1431 480 stellarum
1467 426 1832 495 appellatione
1869 439 1924 482 et
1962 428 2229 497 religione
2265 430 2509 484 Romana
2828 436 2950 498 177

586 597 871 681 Quorum
918 597 1267 663 Pettius
1311 598 1352 662 1.
1397 599 1437 662 1.
1483 598 1556 662 II
1600 600 1658 680 2,
1707 599 1875 663 1249
1937 598 2200 681 iugulas
2259 602 2520 666 derivat
2582 621 2623 666 a
2679 603 2950 685 iunyere,

583 707 659 765 ut
702 701 791 764 sit
821 699 1146 782 iunctura,
1192 700 1558 783 cingulum:
1605 703 1701 764 ein
1737 700 2013 783 Gesiirn,
2058 702 2173 765 das
2207 702 2329 767 den
2361 703 2584 768 Git‘rtel
2622 704 2727 768 des
2760 705 2953 769 Orion

585 803 782 885 bildet,
827 803 960 867 also
1003 802 1161 866 wohl
1202 803 1520 883 eiyentlich
1562 803 1662 867 als
1709 803 1947 870 Gicrtel.
2050 805 2265 870 Simili
2311 809 2498 872 modo
2557 807 2823 889 iugulas
2884 814 2950 873 et

580 907 838 986 iemyere
881 904 1209 987 componit
1269 903 1340 970 O.
1384 905 1687 971 Keller
1747 906 1953 972 latein.
2024 907 2555 990 Volksetymoloyz‘e
2616 930 2673 991 p.
2721 913 2821 994 35,
2883 916 2953 976 et

581 1009 660 1074 Ε.
713 1008 1138 1073 Maassius
1199 1007 1497 1071 Griechen
1577 1008 1714 1071 und
1780 1008 2045 1082 Semiten
2108 1012 2237 1090 auf
2291 1011 2430 1074 dem
2494 1011 2771 1076 Isthmus
2835 1033 2952 1076 von

582 1109 859 1174 Korinth
904 1131 964 1191 p.
1002 1112 1126 1175 116
1166 1110 1456 1193 iugulam
1510 1109 1716 1177 fuisse
1774 1112 1941 1177 dicit
1984 1113 2158 1178 idem
2202 1116 2372 1194 quod
2417 1115 2771 1198 cingulum,
2817 1116 2951 1181 cin-

581 1214 807 1296 gulum
854 1213 1055 1279 trium
1103 1214 1445 1278 stellarum
1488 1214 1559 1279 in
1606 1213 1847 1280 Orione
1892 1215 2171 1281 maxime
2217 1217 2778 1301 splendentium.¹)

754 1334 894 1399 Iam
939 1339 1015 1398 ut
1061 1338 1351 1399 nostram
1396 1334 1792 1400 sententiam
1856 1339 2244 1419 statuamus
2297 1336 2480 1418 prius
2541 1357 2812 1419 agamus
2872 1341 2953 1404 de

585 1436 998 1518 opinionibus
1059 1441 1290 1518 aperte
1357 1436 1577 1519 falsiS,
1652 1456 1930 1517 quarum
1998 1438 2188 1503 Festi
2232 1439 2376 1505 sive
2440 1440 2666 1505 Verrii
2728 1441 2952 1506 Flacci

582 1539 919 1605 sententia
964 1544 1146 1605 stare
1191 1558 1320 1604 non
1366 1545 1619 1620 potest3
1662 1560 1813 1605 nam
1859 1540 2090 1622 iugula
2130 1543 2329 1606 stella
2373 1562 2616 1624 magna
2661 1562 2802 1608 cum
2849 1543 2947 1609 iu-

583 1643 827 1723 glande
858 1661 1022 1708 nuce
1060 1642 1462 1725 praegrandi
1505 1662 1886 1724 comparare
1929 1651 2068 1709 tum
2115 1648 2377 1709 tantum
2422 1645 2669 1727 liceret,
2716 1646 2773 1711 si
2799 1647 2954 1727 qula

580 1745 751 1810 idem
798 1750 975 1810 esset
1016 1749 1218 1825 atque
1263 1746 1478 1811 stella.
1568 1746 1796 1825 Neque
1841 1746 2094 1810 Isidoro
2147 1748 2589 1827 plaudendum
2656 1752 2775 1830 est,
2841 1750 2954 1829 qui

581 1846 876 1929 iugulam
925 1847 1213 1928 explicat
1256 1866 1374 1929 per
1404 1846 1697 1929 gladium
1744 1848 2070 1929 iugulans
2161 1849 2298 1913 Iam
2342 1849 2660 1914 Varronis
2708 1852 2952 1916 exami-

582 1967 810 2015 nemus
856 1949 1269 2013 sententiam.
1359 1949 1431 2014 Si
1475 1968 1783 2031 mappam
1845 1951 2015 2015 caeli
2069 1951 2321 2016 stellati
2364 1951 2768 2038 evolveriS,²)
2814 1954 2953 2018 ani-

583 2053 958 2116 madvertes
989 2050 1184 2116 claris
1210 2052 1464 2116 duabus
1495 2052 1726 2134 8161118,
1760 2071 1925 2132 quas
1957 2053 2403 2135 Beteigeuzen
2435 2059 2502 2119 et
2526 2055 2952 2121 Bellatricem

584 2152 943 2218 astronomi
989 2153 1345 2236 nominant,
1405 2158 1542 2218 tres
1587 2155 1999 2220 obscuriores
2046 2156 2407 2237 imminere,
2467 2176 2739 2237 quarum
2786 2177 2952 2222 com-

583 2255 973 2337 positionem
1020 2275 1256 2322 revera
1291 2275 1408 2337 pro
1457 2256 1674 2337 capite
1721 2277 1866 2322 cum
1915 2258 2153 2322 umeris
2199 2259 2446 2324 habere
2505 2259 2746 2341 possiS,
2806 2278 2953 2325 con-

583 2358 828 2424 iunctis
872 2358 1098 2439 iugulo
1141 2359 1199 2423 h.
1232 2378 1284 2424 e.
1317 2358 1658 2425 clavicula.
1749 2361 1878 2425 Sed
1924 2363 2407 2426 concedendum
2438 2362 2569 2427 erit
2598 2362 2951 2428 artificiose

582 2461 752 2526 hanc
811 2459 1161 2542 imaginem
1225 2462 1668 2545 excogitatam
1743 2481 1887 2528 esse
1960 2483 2172 2545 neque
2246 2483 2552 2545 umquam
2625 2464 2950 2530 hominem

579 2565 906 2629 rudiorem
951 2565 1152 2629 talem
1199 2564 1475 2647 figuram
1522 2567 1658 2631 suis
1702 2566 1904 2631 oculis
1936 2567 2165 2632 videre
2203 2567 2511 2648 potuisse,
2558 2569 2950 2649 praesertim

581 2686 725 2733 cum
770 2665 1336 2746 splendidissimae
1384 2667 1632 2750 cinguli
1677 2671 1848 2748 quod
1894 2674 2171 2734 vocatur
2224 2669 2462 2735 stellae
2523 2670 2777 2736 omnino
2838 2689 2949 2735 ne-

583 2767 959 2849 glegantur,
991 2786 1263 2847 cumque
1285 2768 1635 2834 interiores
1657 2775 1883 2850 partes
1906 2772 2057 2834 hum
2066 2770 2178 2835 ani
2210 2771 2499 2852 corporis
2521 2773 2705 2837 nulla
2736 2774 2950 2838 adhuc

585 2867 867 2933 scientia
910 2869 1281 2935 anatomica
1311 2870 1581 2951 vigente
1612 2874 1896 2937 nondum
1944 2872 2403 2955 cogitaverint.
2493 2874 2680 2956 Quod
2711 2876 2768 2940 si
2802 2894 2947 2939 con-

584 2971 858 3052 ceditur,
920 2971 1282 3037 Varronem
1329 2973 1678 3054 protulisse
1725 2976 2058 3040 doctorum
2104 2976 2504 3042 sententiam
2550 2978 2949 3061 putabimus

583 3074 694 3155 qui
740 3093 965 3140 veram
1011 3074 1473 3156 appellationis
1519 3095 1783 3142 causam
1831 3078 1963 3143 iam
2023 3097 2152 3144 non
2199 3079 2641 3161 cognoverint.
2730 3079 2949 3161 Quare

583 3178 795 3242 denuo
840 3176 1031 3242 nobis
1076 3177 1449 3257 inquirendi
1496 3179 1606 3246 via
1660 3186 1764 3245 est
1808 3180 2258 3263 ingredienda.
2347 3183 2575 3262 Neque
2624 3183 2794 3247 enim
2841 3184 2950 3249 vel

580 3278 1019 3345 recentiorum
1066 3280 1406 3345 conamina
1443 3282 1602 3346 mihi
1648 3282 1814 3347 satis
1845 3282 2120 3365 faciunt,
2167 3284 2405 3365 quippe
2452 3284 2564 3365 qui
2608 3286 2693 3351 ab
2739 3285 2948 3368 ipsius

579 3382 861 3448 nominis
892 3383 1257 3463 veriloquio
1282 3384 1476 3449 nimis
1500 3384 1696 3467 longe
1726 3388 2056 3469 recedant,
2089 3386 2344 3452 inducti
2371 3386 2630 3452 Orionis
2659 3388 2948 3470 imagine

578 3484 988 3551 nostratibus
1033 3492 1326 3566 accepta.

749 3607 895 3687 Ego
943 3624 983 3669 a
1042 3610 1112 3671 te
1159 3611 1345 3689 peto,
1406 3612 1481 3671 ut
1540 3606 1801 3673 Orionis
1864 3609 2097 3673 stellas
2159 3609 2549 3692 considereS,
2609 3629 2755 3675 cum
2813 3611 2946 3676 cin-

581 3710 804 3788 gulum
851 3727 980 3774 non
1027 3728 1068 3774 a
1115 3711 1350 3774 dextra
1397 3712 1481 3774 ad
1526 3710 1882 3793 sinistrum,
1927 3713 2046 3776 sed
2077 3730 2112 3777 e
2159 3711 2496 3793 superiore
2542 3712 2709 3777 caeli
2754 3719 2946 3794 parte

583 3811 668 3873 ad
711 3810 1085 3877 inferiorem
1133 3812 1364 3877 tendit.
1455 3814 1620 3878 Tum
1665 3814 1825 3895 iuga
1868 3814 2152 3896 plaustri
2198 3815 2306 3881 vel
2366 3814 2578 3880 aratri
2626 3815 2945 3899 conferas

585 3912 809 3991 qualia
869 3918 1128 3979 veteres
1195 3915 1552 3980 habuerint
1611 3916 1962 3996 qualiaque
2017 3916 2321 3998 depinxit
2365 3916 2725 3983 Richius
2784 3917 2944 3981 Illu-

760 4150 796 4219 ¹)
833 4151 885 4205 J.
923 4151 1213 4206 Vossius
1250 4152 1307 4205 in
1332 4153 1594 4222 glossario
1619 4169 1716 4207 suo
1741 4148 1964 4223 iayulae
1994 4153 2061 4208 ab
2086 4171 2228 4221 aqua
2251 4155 2368 4224 iayi
2393 4155 2621 4209 derivat.
2692 4156 2807 4209 Hoc
2853 4157 2944 4209 vel

578 4242 799 4304 propter
834 4236 1140 4304 prosodiam
1176 4237 1376 4292 falsum
1413 4245 1512 4293 est.

755 4322 795 4391 ²)
831 4322 1071 4377 Adhibui
1108 4322 1486 4379 Stielerum
1523 4323 1896 4393 Hand-Atlas,
1934 4325 2014 4378 ed.
2041 4341 2214 4381 nonae
2240 4326 2473 4395 (Gothae
2499 4324 2651 4392 1905)
2689 4341 2941 4394 mappam

579 4407 676 4461 No.
716 4408 762 4461 1.
