3576 5085
670 443 797 509 130
1574 440 1879 495 Guilelmus
1915 440 2127 494 Gundel
2928 439 3035 527 [38

667 611 998 695 pingitur:
1030 630 1088 675 r.
1122 610 1455 691 '1¹l1iele,
1489 611 1723 673 Antike
1750 610 2258 673 Himmelsbilder
2287 630 2435 692 pag.
2471 612 2612 676 121.
2672 612 3036 678 Praeterea

668 722 895 781 nostra
953 714 1214 794 quidem
1281 713 1611 779 sententia
1670 732 1801 778 non
1872 713 2128 795 signum
2191 716 2308 778 sed
2368 714 2562 778 stella
2621 714 2801 795 prior
2860 714 3038 795 cepit

670 817 1197 899 appellationem,
1258 818 1674 897 quamobrem
1721 818 1894 881 hanc
1953 834 2208 896 quoque
2253 816 2604 881 reiciamus
2661 817 3037 897 explicandi

670 920 1010 986 rationem.

842 1022 1163 1107 Quoniam
1224 1041 1344 1088 nec
1391 1022 1825 1102 veriloquium
1884 1042 2004 1087 nec
2063 1022 2469 1104 mythologia
2521 1042 2644 1088 nec
2698 1025 3033 1090 stellarum

670 1126 1047 1208 compositio
1079 1146 1195 1192 nos
1228 1126 1297 1191 in
1343 1126 1739 1207 explicanda
1771 1126 2112 1191 caniculae
2144 1127 2587 1207 appellatione
2621 1128 3038 1209 adiuverunt,

669 1230 1053 1312 religionem
1086 1231 1521 1295 Romanorum
1555 1231 1867 1294 adeamus
1898 1248 2165 1294 necesse
2212 1234 2330 1294 est.
2406 1230 2535 1295 Sed
2572 1230 2642 1295 id
2672 1250 2796 1296 non
2831 1232 3038 1296 nostri

670 1332 797 1399 loci
845 1337 979 1412 est,
1041 1351 1242 1413 quare
1302 1335 1388 1397 ad
1446 1333 1938 1415 paragraphum
2014 1351 2183 1413 quae
2243 1331 2670 1413 subsequitur
2729 1334 3035 1399 lectorem

673 1437 1058 1517 relegemus.

842 1538 1022 1603 Sirz·
1040 1558 1157 1615 us,
1202 1540 1254 1600 ii
1282 1557 1427 1618 gen.
1461 1556 1654 1602 masc.
1715 1538 1963 1602 Nomen
1995 1556 2124 1602 non
2155 1538 2514 1603 Romanum
2546 1540 2663 1603 sed
2696 1558 2736 1603 a
2768 1538 3038 1604 Graecis

673 1643 1087 1725 receptum,¹)
1130 1641 1199 1705 id
1244 1643 1416 1721 quod
1460 1639 1593 1704 iam
1626 1640 1989 1706 accusativi
2040 1660 2234 1706 casus
2266 1641 2733 1706 terminatione
2781 1641 3041 1707 Graeca

670 1745 886 1810 Sirion
945 1746 1464 1825 demonstratur,
1540 1763 1736 1823 quam
1811 1743 2081 1809 exhibet
2142 1743 2569 1809 Germanicus
2630 1745 2819 1809 Arat.
2880 1745 3038 1809 335:

670 1848 887 1912 Sirion
944 1847 1109 1910 hunc
1157 1846 1321 1911 Grai
1374 1847 1631 1927 proprio
1688 1846 1803 1910 sub
1859 1848 2108 1909 nomine
2164 1846 2394 1910 dicunt.
2485 1847 2648 1911 Inde
2711 1867 2751 1912 a
2790 1848 3039 1912 Tibulli

669 1951 1075 2032 temporibus
1135 1988 1220 1997 —-
1282 1950 1611 2015 Ciceronis
1688 1968 1848 2014 casu
1927 1951 2203 2029 quodam
2266 1948 2518 2014 interiit
2595 1949 3041 2015 testimonium

671 2057 787 2121 Ar.
818 2074 878 2120 V.
914 2056 1036 2119 113
1077 2090 1158 2101 —
1204 2052 1547 2134 permultis
1579 2053 1739 2118 locis
1772 2055 1950 2133 apud
1982 2054 2306 2118 Romanos
2337 2052 2549 2118 Sirius
2581 2058 2687 2118 est
2725 2054 2925 2118 stella
2971 2053 3040 2118 in

669 2158 900 2239 lingua
945 2156 1183 2221 sideris
1231 2156 1453 2221 canini
1498 2155 1732 2236 posita.
1823 2156 2050 2235 Neque
2109 2155 2341 2220 mirum
2404 2160 2524 2237 est,
2595 2158 2765 2236 quod
2810 2162 3041 2237 postea

670 2261 741 2324 in
786 2260 1165 2324 universum
1206 2259 1389 2323 sidus
1437 2259 1767 2323 translata
1808 2263 1912 2322 est
1950 2259 2321 2339 appellatio,
2369 2259 2556 2323 velut
2588 2277 2629 2322 a
2661 2258 3044 2340 ClaudianO,

671 2363 786 2443 qui
817 2362 1027 2427 XXII
1058 2362 1184 2427 466
1217 2361 1456 2426 Sirium
1489 2360 1792 2443 gravidis
1825 2360 1972 2426 uvis
2005 2361 2434 2425 allatrantem
2466 2361 2709 2445 facit.2)
2798 2361 3041 2426 Sirium

672 2484 802 2530 non
847 2484 964 2546 pro
1011 2464 1430 2529 substantivo
1477 2466 1591 2529 sed
1636 2482 1753 2545 pro
1802 2462 2131 2528 adiectivo
2177 2462 2478 2528 adhibuit
2509 2464 2845 2547 Vergilius
2881 2464 3043 2528 Aen.

673 2570 741 2635 X
774 2571 929 2634 273:
980 2568 1189 2631 Sirius
1217 2568 1425 2650 ardor,
1466 2570 1637 2649 quod
1670 2567 2026 2632 Columella
2057 2567 2356 2632 imitatus
2388 2567 2457 2631 in
2484 2573 2779 2633 extrema
2809 2587 3045 2635 versus

675 2674 833 2738 sede
880 2673 946 2736 X
992 2673 1114 2736 281
1164 2670 1386 2752 posuit
1430 2670 1642 2734 Sirius
1684 2669 1951 2753 ardm·.³)
2056 2670 2247 2735 Unde
2293 2669 2565 2735 insolita
2616 2670 2825 2736 forma
2868 2670 3042 2734 Siria

675 2771 837 2859 (scil.
885 2778 1093 2855 astra)
1138 2774 1387 2855 legitur
1432 2773 1497 2838 in
1549 2773 1912 2854 appendice
1961 2773 2330 2838 Claudiana
2359 2773 2587 2838 11124
2635 2773 2871 2856 (dextro
2914 2775 3043 2837 iam

674 2879 851 2944 Siria
897 2883 1118 2942 cessent
1158 2878 1165 2962 Ι
1204 2878 1446 2960 sidere).
1536 2878 1663 2941 Sed
1708 2895 1835 2941 non
1869 2877 2073 2941 solum
2104 2879 2450 2956 poetarum
2498 2878 2616 2941 hoc
2650 2877 3045 2942 vocabulum

672 2982 820 3063 fuit,
865 2981 1056 3046 immo
1102 2983 1185 3046 ad
1217 2981 1473 3061 plebem
1524 2998 1779 3060 quoque
1813 2979 2167 3043 descendit.
2258 2978 2470 3043 Sirius
2504 2979 2785 3044 hominis
2832 2980 3043 3045 cuius-

675 3088 822 3151 dam
870 3104 1100 3150 nomen
1131 3083 1337 3148 fuisse
1375 3083 1659 3164 videtur,
1703 3101 1850 3145 nam
1884 3080 2121 3145 titulus
2154 3081 2297 3145 CIL
2331 3081 2401 3146 II
2435 3082 2560 3146 140
2599 3082 3046 3147 reminiscitur

676 3188 811 3252 Siri
830 3189 1035 3267 patris
1061 3186 1255 3269 vivi.³)
1316 3187 1677 3250 Praeterea
1708 3184 1900 3249 hodie
1926 3203 2180 3264 quoque
2206 3184 2274 3247 in
2308 3184 2696 3264 quibusdam
2729 3185 3044 3267 gentibus

676 3293 841 3355 haec
886 3289 1244 3370 appellatio
1290 3288 1494 3354 vivit:
1541 3288 1702 3352 Itali
1747 3287 1918 3351 Sirio
1962 3288 2206 3369 dicunt,
2253 3287 2562 3352 cultiores
2617 3287 3045 3370 Francogalli

680 3401 751 3459 et
794 3398 1126 3458 nostrates
1171 3392 1397 3455 Sirius,

846 3497 1129 3560 Praeter
1174 3494 1575 3560 Graecorum
1620 3493 2009 3558 vocabulum
2055 3491 2259 3557 etiam
2290 3493 2771 3575 Aegyptiorum
2817 3494 3043 3573 appel-

674 3597 838 3663 latio
883 3598 952 3663 in
998 3597 1290 3679 linguam
1321 3595 1631 3661 Latinam
1674 3595 1973 3675 sequiore
2021 3613 2184 3661 aevo
2231 3614 2301 3659 se
2334 3594 2718 3660 introduxit.
2805 3596 3046 3661 Refert

854 3751 892 3819 ¹)
931 3751 1107 3805 Simili
1144 3751 1297 3804 modo
1349 3748 1679 3816 aliquotiens
1727 3765 1759 3801 a
1796 3748 2159 3801 Romanorum
2198 3747 2371 3815 poetis
2409 3752 2574 3814 atque
2628 3748 3046 3816 mythographis

675 3837 966 3892 adhibetur
1014 3837 1292 3891 caniculae
1346 3852 1540 3889 nomen
1588 3836 1853 3888 Maera:
1903 3835 2035 3888 haec
2084 3839 2169 3888 est
2218 3834 2407 3900 Μαῖρα
2457 3834 2554 3886 illa
2590 3833 2914 3887 Graecorum
2963 3835 3044 3887 fa-

673 3923 818 3977 bulis
854 3923 1153 3991 notissima,
1193 3922 1281 3977 cui
1317 3922 1373 3976 in
1414 3921 1749 3988 explicandis
1786 3919 2245 3987 appellationibus
2282 3919 2496 3972 Latinis
2532 3919 2707 3972 locum
2758 3921 3047 3974 conceden-

664 4011 804 4063 dum
853 4025 968 4063 esse
1016 4025 1123 4063 non
1175 4008 1386 4077 putavi.
1482 4008 1733 4073 Itemque
1788 4021 2076 4073 cyneum
2131 4011 2427 4073 astrum,
2484 4005 2627 4071 quod
2679 4006 2843 4059 semel
2898 4007 3044 4073 apud

674 4095 1009 4150 Chalcidium
1046 4094 1283 4163 legimus
1321 4095 1526 4163 (comm.
1564 4093 1709 4147 Plat.
1748 4091 1889 4144 Tim.
1927 4108 1971 4144 c.
2004 4090 2239 4158 CXXV),
2277 4106 2534 4158 graecum
2571 4090 2775 4144 fontem
2813 4091 2973 4158 sapit.

851 4182 890 4250 ²)
929 4181 1169 4235 Similem
1205 4181 1264 4234 in
1300 4181 1520 4234 modum
1558 4178 1692 4232 dicit
1727 4177 1939 4231 Statius
1976 4176 2099 4231 silv.
2136 4177 2165 4229 I
2188 4176 2237 4244 3,
2262 4176 2321 4229 5:
2372 4174 2549 4229 calido
2587 4175 2820 4229 latravit
2855 4176 3046 4230 Sirius

674 4271 825 4322 astro
862 4273 920 4322 et
954 4266 1212 4320 Manilius
1252 4267 1301 4320 V
1337 4265 1464 4318 207:
1505 4265 1777 4330 latratquc
1815 4262 2068 4315 canicula
2102 4260 2376 4330 flammas,

851 4354 890 4421 ³)
931 4354 1009 4408 Cf.
1049 4352 1214 4407 etiam
1254 4353 1420 4406 Prud.
1456 4351 1700 4405 Cathem.
1739 4348 1853 4402 XII
1889 4349 1973 4401 22.

849 4440 891 4508 ⁴)
929 4439 1047 4493 Nisi
1083 4439 1224 4493 forte
1261 4453 1454 4491 nomen
1491 4452 1559 4489 ex
1595 4435 1727 4502 Syro
1766 4441 2080 4501 corruptum
2118 4439 2217 4488 est.
