3576 5085
754 405 884 471 232
1654 401 1959 457 Guilelmus
1995 405 2212 460 Gundel
2967 404 3127 493 [140

757 598 989 656 menter
1029 596 1247 655 ventus
1282 590 1512 655 altiora
1555 592 1966 657 conscenderit
2010 600 2064 658 et
2092 593 2334 658 trahere
2376 593 2595 658 exinde
2637 594 2884 677 aliquas
2922 595 3129 674 parti-

757 696 933 759 culas
974 695 1245 778 coeperit,
1292 714 1449 778 quae
1492 694 1794 759 simulant
1841 715 2056 760 casum
2099 697 2446 762 stellarum.
2455 696 2505 781 1)

929 797 1220 863 Valebat
1262 800 1485 863 autem
1530 802 1881 879 praeterea
1926 799 2070 864 alia
2107 799 2444 880 popularis
2490 797 2711 881 opinio
2756 798 2988 865 stellas
3035 798 3130 865 ali

756 898 1179 967 nutrimentis
1224 900 1617 980 quibusdam
1661 899 1840 986 (vide
1898 919 2100 982 supra
2144 921 2294 984 pag.
2342 902 2527 985 114),
2593 920 2863 982 quorum
2922 903 3129 968 abun-

758 1003 1054 1069 dantiam
1098 1004 1250 1068 dum
1292 1004 1678 1085 redderent,
1737 1003 1974 1069 stellae
2039 1005 2276 1069 cadere
2334 1005 2805 1087 viderentur.2)
2909 1004 3132 1071 Huius

759 1106 1134 1173 sententiae
1179 1105 1533 1188 vestigium
1580 1106 1879 1172 servavit
1922 1106 2180 1173 Plinius
2225 1107 2378 1172 Nat.
2421 1106 2575 1172 hist.
2605 1107 2676 1172 II
2706 1107 2821 1172 29:
2868 1106 3129 1192 (sidera)

757 1211 951 1274 nimio
995 1209 1287 1274 alimento
1329 1210 1516 1272 tracti
1558 1211 1794 1272 umoris
1836 1210 2020 1289 iynea
2051 1211 2114 1273 vi
2155 1208 2612 1273 abundantiam
2655 1209 2943 1293 reddunt,
2987 1230 3133 1274 cum

757 1312 1027 1377 decidere
1070 1310 1448 1394 creduntur;
1492 1310 1668 1391 apud
1717 1332 1827 1375 nos
1879 1332 2118 1396 quoquc
2159 1311 2229 1375 id
2273 1312 2620 1376 luminibus
2663 1314 2934 1377 accensis
2953 1313 3004 1397 3)
3055 1313 3130 1376 li-

760 1434 948 1499 quore
990 1415 1104 1478 olei
1148 1421 1434 1477 notamus
1478 1413 1765 1479 accidere.
2013 1413 2014 1416 ’

930 1517 1330 1583 Graecorum
1367 1516 1795 1600 philosophia,
1840 1536 1985 1583 cum
2017 1520 2196 1599 apud
2225 1519 2550 1584 Romanos
2596 1517 3132 1600 pervulgaretur,

756 1622 931 1687 tales
974 1620 1311 1703 opiniones
1355 1620 1787 1702 impugnavit.
1876 1622 1970 1688 Ut
2019 1621 2180 1687 dicit
2218 1621 2470 1687 Seneca
2512 1620 2939 1702 philosophus
2976 1621 3134 1688 Nat.

759 1728 1011 1805 quaest.
1042 1724 1076 1789 I
1110 1726 1163 1807 1,
1195 1725 1267 1790 8:
1310 1724 1473 1788 illud
1511 1729 1716 1788 autem
1753 1725 2194 1789 Stultissimum
2239 1731 2323 1787 est
2366 1725 2720 1788 existimare
2764 1730 2878 1787 aut
2918 1724 3135 1789 stellas

757 1826 1032 1892 decidere
1074 1831 1187 1891 aut
1227 1828 1556 1892 transilire
1611 1834 1722 1891 aut
1779 1826 2029 1912 aliquid
2082 1827 2210 1892 illis
2254 1827 2507 1907 auferri
2559 1832 2616 1891 et
2657 1826 2920 1890 abradi:
2979 1847 3134 1890 nam

758 1932 817 1995 si
844 1930 952 1995 hoc
971 1930 1215 2013 fuisset,
1247 1932 1373 1994 iam>
1402 1931 1759 2010 defuissent.
1819 1931 2056 2011 Itaque
2091 1930 2233 2013 ipse
2256 1933 2450 2010 putat
2481 1928 2777 1995 flammas
2809 1930 3134 2010 quasdam

759 2032 829 2098 in
851 2032 1274 2099 inferioribus
1307 2034 1476 2099 caeli
1499 2033 1806 2114 partibus
1829 2037 2041 2115 nataS,
2074 2051 2218 2098 cum
2244 2036 2446 2098 vento
2476 2031 2800 2113 impulsae
2830 2032 2900 2097 in
2924 2033 3132 2098 subli-

762 2136 972 2202 miora
1009 2136 1446 2219 ascenderint,
1493 2136 1778 2202 defluere
1824 2136 2096 2216 ideoque
2142 2134 2451 2201 celeriter
2492 2134 2639 2216 rapi
2684 2134 2796 2218 (ib.
2839 2134 2876 2199 Ι
2910 2137 3008 2217 14,
3043 2134 3131 2219 5).

758 2239 853 2304 Et
881 2238 1045 2304 haec
1091 2239 1301 2305 allata
1331 2238 1683 2322 sufficiant,
1729 2240 1811 2305 de
1855 2238 2131 2319 reliquis
2161 2237 2686 2320 philosophorum
2733 2237 3003 2318 placitis
3044 2274 3133 2287 —·

760 2342 923 2406 adeo
937 2345 1095 2406 sunt
1110 2341 1659 2422 multa—relego
1684 2346 1750 2405 te
1775 2343 1863 2406 ad
1886 2341 1941 2404 F
1959 2360 1995 2407 o
2014 2342 2103 2406 rb
2120 2340 2145 2404 i
2162 2359 2254 2422 ge
2269 2340 2345 2405 ri
2364 2339 2509 2404 Alte
2534 2339 2965 2421 GeoyraphieI
2981 2339 3131 2405 627.

929 2460 1173 2525 Restat
1219 2464 1294 2525 ut
1340 2478 1730 2540 quaeramus
1774 2460 1936 2540 quid
1977 2460 2354 2542 significare
2414 2445 2826 2542 putaverint
2863 2463 3131 2526 veteres

758 2563 992 2630 stellas
1038 2565 1366 2630 cadentes.
1454 2564 1677 2644 Atque
1720 2564 2022 2646 portendi
2069 2563 2321 2645 aliquid
2378 2563 2529 2629 miri
2574 2562 2678 2629 his
2724 2563 3130 2631 caelestibus

759 2665 1285 2748 apparitionibus
1314 2687 1432 2750 pro
1465 2673 1643 2734 certo
1672 2668 2011 2734 habebant
2045 2668 2200 2751 (Cic.
2230 2668 2312 2733 de
2343 2667 2547 2732 divin.
2577 2666 2649 2732 H
2678 2667 2819 2753 60);
2853 2667 3129 2734 vatibus

761 2769 981 2836 sidera
1026 2771 1333 2837 cadentia
1376 2773 1541 2837 dant
1578 2770 1775 2854 signa
1805 2770 1977 2856 (Sen.
2009 2771 2158 2836 Tro.
2190 2770 2359 2854 356).
2448 2770 2846 2851 Plerumque
2891 2775 3130 2837 ventos

758 2873 1056 2956 praedici
1116 2874 1331 2940 stellis
1391 2874 1781 2940 cadentibus
1841 2875 2171 2955 putabant
2231 2872 2426 2957 (Plin.
2470 2873 2623 2938 Nat.
2668 2872 2821 2939 hist.
2865 2873 2937 2938 Π
2983 2873 3131 2957 100,

758 2976 997 3044 XVIII
1041 2977 1165 3043 351
1183 2996 1294 3059 sq.,
1339 2977 1485 3042 Sen.
1529 2977 1680 3042 Nat.
1727 2982 1978 3058 quaest.
2024 2977 2058 3042 I
2090 2978 2146 3060 l,
2194 2976 2403 3062 11):⁴=)
2449 2994 2620 3056 quae
2664 2975 2884 3057 opinio
2929 2975 3131 3044 facile

759 3079 1131 3161 explicatur
1171 3079 1636 3162 superstitione
1679 3082 1867 3146 modo
1912 3085 2411 3146 commemorata
2441 3078 2661 3147 ventis
2706 3079 2941 3144 stellas
2985 3079 3131 3145 loco

759 3181 1026 3248 moveri.
1112 3183 1476 3248 Praeterea
1521 3188 1744 3248 autem
1803 3183 1874 3248 id
1918 3185 2089 3264 quod
2133 3182 2266 3247 iam
2325 3200 2526 3263 supra
2584 3201 2736 3264 pag.
2783 3182 2908 3248 134
2966 3181 3129 3248 teti-

759 3284 991 3367 gimUS,
1050 3284 1283 3351 stellae
1328 3283 1615 3352 cuiusvis
1661 3303 1854 3352 casus
1906 3290 2180 3351 mortem
2224 3284 2506 3351 hominis
2552 3283 2888 3368 significat
2931 3283 3132 3370 (Plin.

932 3458 972 3529 ¹)
1010 3457 1221 3513 Similia
1267 3456 1534 3525 leguntur
1579 3456 1757 3511 Amm.
1806 3457 1971 3511 Marc.
2023 3456 2180 3512 XXV
2215 3457 2263 3524 2,
2301 3455 2350 3524 5,
2398 3455 2592 3511 Isidor.
2642 3454 2780 3525 orig.
2828 3453 2921 3509 ΠΙ
2956 3454 3060 3523 70‚·
3075 3454 3129 3524 3,

762 3544 923 3599 schol.
961 3545 1163 3599 Lucan.
1201 3543 1252 3597 V
1287 3543 1406 3596 562.

934 3628 976 3699 ²)
1011 3629 1102 3683 Ita
1136 3628 1383 3683 nonnulli
1406 3628 1592 3696 populi
1617 3643 1647 3682 e
1671 3626 1847 3682 stellis
1883 3627 2065 3682 sordes
2101 3627 2295 3696 igneas
2331 3628 2523 3682 cadere
2559 3626 2849 3696 putabant,
2887 3643 2938 3682 v.
2974 3625 3131 3682 Pot-

759 3714 924 3771 tium
962 3715 1123 3784 etym.
1160 3712 1388 3768 Forsch.
1422 3714 1449 3767 I
1474 3713 1556 3782 77,
1594 3712 1659 3767 R.
1696 3713 1972 3767 Andree
2007 3711 2278 3783 Ethnoyr.
2313 3712 2627 3768 Parallelen
2650 3729 2778 3782 pag.
2806 3712 2924 3766 111.
2996 3710 3131 3767 Ger-

759 3814 1042 3856 manorum
1076 3806 1292 3855 veteres
1316 3799 1589 3868 putabant
1614 3799 1804 3854 stellas
1828 3798 2066 3868 emungi,
2103 3798 2168 3853 E.
2206 3800 2433 3866 Meyer
2468 3800 2538 3854 ad
2564 3797 2889 3853 Grimmium
2913 3797 2951 3852 1.
2975 3797 3013 3852 l.
3039 3797 3132 3852 111

761 3903 888 3957 pag·
923 3886 1326 4041 {iosimroclr
1361 3971 1675 4026 Handbuch
1708 3971 1806 4025 der
1841 3970 2133 4024 deutschen
2163 3969 2498 4041 Mytholoqie
2532 3986 2661 4040 pag.
2695 3970 2792 4025 22:
2827 3969 2954 4024 Das
2997 3968 3133 4025 Vovc

758 4058 903 4113 nieht
936 4102 948 4114 .
989 4100 1001 4113 .
1039 4057 1127 4112 die
1162 4057 1640 4127 Sternsschnuppen
1677 4057 1778 4124 fiir
1812 4055 2211 4126 Dochtputzen,
2257 4056 2347 4111 die
2380 4073 2484 4113 von
2520 4056 2627 4111 den
2660 4054 2879 4126 Enyeln
2912 4072 2990 4110 an
3025 4053 3132 4109 den

760 4143 1269 4200 Himmelslichtern
1305 4142 1624 4213 abyezwickt
1655 4141 1889 4198 werden.

929 4230 975 4300 ⁴)
1011 4232 1079 4286 V.
1115 4229 1278 4285 schol.
1316 4229 1386 4284 ad
1422 4229 1574 4284 Arat.
1610 4229 1806 4297 phaen.
1844 4245 1896 4284 v.
1933 4228 2034 4282 927
2073 4228 2319 4297 (Maass
2354 4229 2392 4283 1.
2428 4228 2464 4283 1.
2499 4244 2628 4298 pag.
2664 4227 2816 4297 513):
2865 4227 3001 4278 ὅθεν
3033 4224 3132 4278 οὖν

762 4313 1075 4383 ἐκπηδῶσιν,
1112 4314 1324 4366 ἐκεῖθεν
1358 4317 1420 4365 τὸ
1457 4320 1665 4369 πνεῦμα
1701 4311 1790 4365 δεῖ
1828 4310 2128 4384 προεδοκᾶν
2164 4350 2177 4364 .
2217 4351 2228 4365 .
2267 4352 2280 4365 .
2317 4314 2454 4365 ὅθεν
2487 4317 2577 4365 καὶ
2612 4315 2644 4379 ἦ
2692 4316 2831 4364 κατὰ
2865 4315 2965 4378 τὴν
2998 4308 3132 4364 ὁδὸν

760 4399 1005 4468 λευκότης
1036 4404 1308 4471 φαίνεται.
