3576 5085
676 432 802 495 144
1580 429 1884 483 Guilelmus
1923 429 2135 483 Gundel
2933 429 3041 516 [52

849 601 1078 681 Neque
1140 601 1417 665 deerant
1482 598 1661 665 inter
1719 600 2069 681 RomanoS,
2130 599 2242 679 qui
2304 619 2548 681 graeca
2610 600 2905 683 nomina,
2962 602 3042 666 de

680 703 918 784 quibus
963 704 1150 768 modo
1198 702 1501 783 diximus,
1561 703 1628 767 in
1675 722 1862 768 suum
1910 721 2268 768 sermonem
2329 708 2809 769 converterent.
2897 703 3044 787 Qua

676 806 747 871 in
793 825 866 871 re
911 806 1279 887 proximum
1326 811 1492 887 erat,
1552 810 1628 870 ut
1675 810 2078 870 arcturus
2140 809 2209 870 et
2267 806 2840 888 arctophylax
2897 825 3044 872 ver-

675 913 980 974 terentur
1008 908 1078 973 in
1102 908 1407 971 custodem
1430 910 1618 971 Arcti
1646 909 1842 992 (Vitr.
1866 909 1969 973 IX
1990 908 2151 991 4,1),
2180 908 2485 972 custodem
2506 910 2776 972 Arcturi
2799 909 3046 993 (comm.

675 1011 744 1076 in
776 1012 964 1076 Arat.
1007 1010 1279 1094 passim)
1327 1016 1443 1076 aut
1487 1010 1556 1075 in
1601 1011 1903 1074 custodem
1948 1030 2137 1074 ursae
2180 1012 2323 1095 (Ov.
2353 1010 2538 1077 Fast.
2569 1012 2640 1077 ΙΙ
2672 1013 2813 1093 153,
2845 1012 3045 1077 Trist.

676 1114 711 1179 I
741 1117 799 1197 4,
826 1116 880 1179 1.
912 1115 946 1179 I
979 1116 1079 1196 11,
1113 1113 1236 1197 15),
1276 1113 1386 1179 vel
1418 1115 1620 1179 etiam
1652 1113 2048 1194 simpliciore
2078 1117 2263 1180 modo
2297 1119 2495 1179 custos
2528 1114 2723 1197 (Vitr.
2754 1115 2856 1179 IX
2885 1116 2944 1196 4,
2979 1116 3043 1197 1)

677 1221 795 1282 aut
849 1220 1049 1279 custos
1106 1217 1539 1298 septentrionis
1604 1217 1852 1300 (comm.
1915 1216 1984 1281 in
2043 1218 2231 1282 Arat.
2288 1237 2349 1300 p.
2411 1219 2553 1299 117,
2613 1218 2672 1283 5.
2736 1217 2876 1299 123,
2939 1218 3044 1302 15)

678 1319 941 1383 dicitur.
1031 1318 1109 1382 In
1170 1337 1368 1383 unum
1431 1317 1685 1384 confusi
1745 1324 1812 1383 et
1858 1318 2099 1384 Bootes
2160 1322 2229 1384 et
2270 1321 2728 1402 Arctophylax
2794 1325 2949 1384 sunt
3007 1338 3046 1384 a

678 1421 895 1486 Statio
942 1422 1172 1506 (Theb.
1219 1421 1254 1485 Ι
1298 1422 1425 1486 693
1461 1423 1731 1503 portitor
1773 1441 1973 1503 ursae,
2019 1440 2078 1488 v.
2110 1423 2297 1487 Arat.
2342 1423 2589 1487 Phaen.
2633 1424 2716 1488 93
2763 1420 3046 1507 ἁμαξαίη

672 1520 940 1606 Ἄρκτος)
1012 1527 1081 1588 et
1139 1524 1321 1588 Beda
1398 1522 1785 1588 Venerabili
1855 1522 2078 1605 (custos
2149 1524 2455 1604 plaustri3
2517 1544 2577 1590 v.
2632 1525 2710 1590 E.
2769 1526 3047 1591 Maass

679 1625 793 1689 1.1.
825 1645 885 1706 p.
915 1626 1069 1710 584)
1094 1625 1160 1709 1).
1249 1625 1379 1690 Sed
1420 1627 1583 1690 haec
1617 1626 2068 1706 exquisitioris
2117 1626 2451 1692 doctrinae
2498 1628 2821 1693 vocabula
2867 1647 3048 1693 num-

684 1746 876 1807 quam
924 1728 1272 1808 popularia
1317 1728 1521 1793 fuisse
1567 1728 1897 1794 videntur.

1223 1967 1287 2036 ΙΙ.
1359 1968 1444 2036 De
1491 1966 1753 2037 Arcturi
1801 1968 2036 2037 stenae
2079 1968 2507 2054 opinionibus.

851 2136 944 2201 Ut
989 2136 1262 2200 Arcturi
1308 2154 1547 2199 nomen
1591 2136 1686 2199 sic
1734 2134 1938 2199 etiam
1983 2137 2317 2215 opiniones
2379 2156 2546 2215 quae
2602 2139 2682 2201 de
2744 2156 2818 2201 eo
2878 2135 3046 2201 fere-

678 2239 930 2303 bantur
974 2256 1014 2301 a
1048 2237 1320 2301 Graecis
1353 2241 1749 2316 acceperunt
1777 2237 2076 2300 Romani.
2135 2237 2279 2299 Illis
2319 2243 2464 2301 erat
2509 2234 2767 2315 στυγνὸς
2795 2234 2901 2297 ἐπ)
2925 2235 3047 2317 Ἄρ-

678 2341 922 2425 κτούρῳ
974 2339 1232 2413 ναύταις
1288 2336 1491 2412 πλόος
1560 2337 1785 2419 (Anth.
1833 2338 1973 2402 Pal.
2019 2337 2152 2402 VII
2196 2338 2364 2419 495),
2409 2337 2635 2416 itaque
2680 2337 2782 2402 his
2828 2342 3047 2402 custos

681 2442 872 2506 Arcti
904 2440 1337 2522 procellarum
1369 2438 1656 2504 nuntius
1731 2438 1930 2503 Cuius
1963 2438 2300 2504 doctrinae
2345 2438 2537 2504 testis
2575 2438 3047 2504 disertissimus

680 2544 934 2609 Plinius
969 2549 1087 2626 est,
1121 2541 1233 2623 qui
1265 2541 1426 2607 dicit
1448 2542 1602 2608 Nat.
1620 2540 1774 2607 hist.
1799 2542 2035 2608 XVIII
2063 2544 2218 2608 278:
2264 2546 2406 2606 aute
2436 2542 2645 2606 omnia
2674 2547 2880 2606 autem
2924 2541 3048 2606 duo

682 2666 910 2727 yeuera
966 2665 1091 2708 esse
1161 2645 1431 2708 caelestis
1488 2646 1767 2708 iniuriae
1827 2647 2170 2732 meminisse
2226 2644 2511 2708 debemus
2527 2665 2548 2707 .·
2611 2665 2810 2708 ‘aluum
2888 2645 3052 2725 quod

685 2752 1062 2830 tempestates
1088 2767 1394 2825 vocamus,
1424 2749 1495 2811 iu
1518 2749 1743 2829 quibus
1768 2748 2130 2832 yraudiues,
2152 2748 2458 2830 procellae
2480 2752 2791 2828 ceteraque
2817 2749 3054 2812 similia

680 2851 1170 2932 iutelleyuutur;
1198 2871 1356 2931 quae
1378 2871 1517 2914 cum
1541 2852 1893 2932 plenilunio
1917 2851 2269 2932 acciderint,
2292 2851 2353 2913 vi
2379 2852 2611 2913 maiore
2632 2851 3055 2931 impelluntur.

680 2954 853 3018 Haec
913 2955 989 3018 ab
1043 2954 1318 3018 horridis
1374 2954 1681 3018 sideribus
1732 2959 1954 3016 esceunt
1970 3002 1985 3030 ,
2046 2958 2116 3016 ut
2172 2954 2428 3035 saepius
2487 2952 2795 3036 diximus,
2868 2954 3054 3016 veluti

681 3063 1020 3121 arcturo
1069 3058 1299 3120 Orione
1329 3055 1571 3138 haedis.
1661 3056 1919 3120 Primus
1965 3059 2184 3119 autem
2246 3054 2356 3133 qui
2401 3054 2606 3118 talem
2653 3055 3052 3121 Graecorum

683 3158 1051 3238 opinionem
1097 3158 1348 3239 recepit
1389 3157 1671 3222 Plautus
1716 3161 1821 3221 est
1864 3163 1972 3238 τῆς
2005 3157 2149 3228 νέας
2191 3153 2538 3239 κωμῳδίας
2581 3155 2893 3240 imitator,
2941 3158 3053 3238 qui

683 3259 1045 3325 Arcturum
1089 3259 1345 3325 inducit
1389 3258 1762 3338 loquentem
1808 3258 1974 3322 Rud.
2019 3258 2103 3321 69
2120 3275 2289 3337 sqq.:

889 3396 1576 3477 increpui-hibernum
1623 3398 1691 3459 et
1737 3394 1974 3459 fluctus
2018 3394 2193 3460 movi
2237 3395 2639 3461 maritumos

895 3517 1046 3563 nam
1092 3500 1418 3562 Arcturus
1465 3496 1723 3577 signum
1771 3515 1912 3561 sum
1958 3497 2240 3561 omnium
2285 3497 2702 3563 acerrimum:

892 3602 1246 3667 vehemens
1293 3617 1433 3663 sum
1478 3598 1797 3681 exorienS,
1839 3617 2029 3679 quom
2076 3599 2295 3664 occido
2340 3600 2803 3666 vehementior.

859 3735 1189 3803 Persimili
1262 3737 1447 3800 modo
1521 3740 1672 3815 post
1731 3736 2043 3801 Plautum
2105 3755 2145 3801 a
2206 3735 2420 3817 poetis
2478 3736 2791 3802 Romanis
2851 3736 3054 3803 Grae-

687 3860 905 3907 corum
928 3838 1199 3905 asseclis
1223 3841 1763 3904 commemoratur
1787 3838 2132 3921 ArctumS,
2162 3839 2554 3919 ubicumque
2585 3843 3053 3920 tempestatum

687 3945 879 4026 signa
922 3940 1369 4024 proferuntur.
1454 3939 1840 4007 Nominasse
1886 3940 2177 4007 sufficiat
2215 3941 2568 4006 Horatium
2612 3941 2690 4026 (c.
2722 3940 2830 4007 III
2861 3944 2917 4024 1,
2947 3942 3054 4025 27)

690 4045 995 4115 Ovidium
1042 4043 1270 4128 (Trist.
1315 4044 1351 4108 I
1394 4046 1454 4126 4,
1501 4045 1569 4124 1;
1641 4062 1721 4109 ex
1765 4044 1977 4109 Ponto
2022 4044 2092 4107 II
2140 4046 2195 4126 7,
2240 4044 2350 4125 58)
2411 4044 2842 4110 Claudianum
2902 4044 3055 4128 (XV

689 4149 859 4228 501).
948 4147 1130 4229 Quae
1176 4145 1393 4227 opinio
1441 4164 1523 4211 ex
1555 4165 1629 4211 eo
1676 4151 1828 4212 erat
1873 4151 2034 4229 orta,
2087 4148 2258 4226 quod
2301 4147 2397 4212 eis
2445 4146 2600 4212 anni
2631 4147 3056 4229 temporibuS,

865 4315 905 4383 1)
947 4314 1143 4368 Custos
1194 4314 1552 4384 planetarum
1623 4315 1934 4382 appellatur
1993 4331 2026 4369 a
2085 4314 2390 4370 Brideterto
2450 4314 2813 4384 Ramesiensi,
2874 4316 3056 4371 Bedae

693 4399 1002 4468 scholiasta,
1039 4416 1091 4455 v.
1127 4401 1261 4455 Bed.
1298 4401 1363 4455 de
1398 4406 1514 4453 nat.
1551 4415 1652 4454 rer.
1692 4401 1773 4453 XI
1810 4416 1931 4454 cum
1967 4400 2181 4470 glossis,
