3576 5085
507 409 656 498 127]
949 411 1032 465 De
1067 410 1350 465 stellarum
1386 409 1750 477 appellatione
1785 414 1843 464 et
1873 409 2137 479 religione
2172 412 2417 466 Romana
2736 411 2864 478 219

504 595 654 648 num
715 600 891 647 more
953 580 1260 663 vestigiis
1316 583 1642 663 premunt,
1665 578 1715 665 ¹)
1774 580 1995 646 nullus
2053 581 2233 648 locus
2278 585 2677 648 memoratur
2734 602 2861 664 quo

502 702 573 749 se
635 683 961 765 recipiant
1023 702 1237 764 neque
1302 682 1734 765 describitur,
1798 701 1927 764 qua
1992 684 2248 750 rat-ione
2316 703 2390 750 eo
2449 684 2888 771 perveniant,-

500 788 675 852 unde
723 786 828 852 die
879 785 1110 869 fugato
1169 786 1581 867 proveniant.
1683 786 1811 851 Hic
1868 786 2231 866 priscorum
2275 773 2664 853 Latinorum
2714 790 2863 854 doc·

422 883 426 887 ’
500 888 696 954 trinis
741 888 1124 954 testimonia
1169 887 1428 954 omnino
1460 887 1790 953 deficiunt.
1876 890 2139 972 Eorum,
2186 890 2298 969 qui
2330 893 2409 955 de
2456 891 2581 956 hac
2622 909 2695 956 re
2742 891 2861 957 ali-

500 991 659 1072 quid
705 991 1068 1073 edixerunt,
1127 991 1374 1057 Persae
1420 990 1758 1056 affirmant
1802 1006 2054 1057 omnem
2099 998 2345 1057 terram
2389 992 2671 1058 cinctam
2720 1011 2864 1059 esse

498 1095 680 1159 muro
719 1096 997 1174 quodam
1028 1092 1376 1174 montium3
1422 1094 1651 1159 stellas
1696 1093 2001 1159 labentes
2044 1094 2338 1160 interdiu
2370 1096 2491 1161 sub
2537 1095 2641 1160 his
2687 1114 2862 1161 mon-.

499 1196 678 1261 tibus
709 1198 795 1262 ad
826 1215 934 1261 eos
966 1197 1138 1261 locos
1167 1195 1473 1278 migrare,
1518 1199 1689 1261 unde
1719 1215 1994 1277 vespere
2033 1196 2404 1281 oriantur,²)
2449 1216 2509 1270 v.
2539 1198 2588 1264 J
2606 1217 2750 1264 ens
2768 1217 2864 1264 en

499 1297 888 1382 Kosmoloqie
927 1298 1042 1362 der
1084 1298 1460 1380 Babylonier
1518 1317 1668 1381 pag.
1715 1299 1860 1364 210.
2032 1365 2036 1369 .

673 1401 1046 1484 Quomodo
1089 1402 1255 1467 haec
1314 1401 1584 1466 numina
1626 1406 1824 1466 noctu
1867 1401 2044 1467 inter
2084 1419 2159 1467 se
2205 1407 2571 1484 versentur,
2637 1402 2865 1484 paucis

501 1503 836 1569 illustrare
882 1523 1204 1570 conemur.
1293 1504 1624 1585 Populare
1675 1503 1858 1585 illud,
1926 1506 2095 1584 quod
2140 1505 2618 1586 Aristophanes
2664 1506 2862 1571 Pacis

502 1624 566 1674 v.
610 1608 736 1674 825
753 1626 890 1688 sqq.
949 1607 1197 1689 illudit,
1257 1607 1597 1673 stellarum
1659 1606 1856 1672 aliam
1917 1606 2189 1673 divitem
2250 1607 2449 1673 aliam
2507 1627 2866 1690 pauperem

500 1728 661 1792 esse,
720 1728 1173 1792 pauperesque
1236 1709 1481 1775 divites
1540 1709 1741 1789 adire,
1806 1714 1884 1775 ut
1943 1728 2089 1774 cum
2155 1709 2249 1775 eis
2310 1711 2678 1793 epulentur,
2737 1730 2865 1777 non

502 1818 840 1894 receptum
885 1816 988 1877 est
1019 1832 1060 1877 a
1088 1811 1433 1893 Romanis;
1480 1813 1594 1877 sed
1627 1830 1815 1877 nosse
1845 1830 2361 1892 unamquamque
2392 1814 2673 1878 alteram
2704 1813 2866 1878 dicit

504 1915 765 1980 Statius
811 1914 908 1980 VI
951 1916 1095 1980 218.
1191 1915 1333 1979 Non
1377 1913 1778 1996 mirabimur,
1839 1916 2010 1995 quod
2068 1915 2191 1980 hoc
2236 1914 2688 1980 commercium
2745 1934 2865 1998 per

503 2016 840 2082 silentium
884 2016 978 2099 fit,
1021 2037 1083 2084 v.
1125 2018 1389 2083 Anthol.
1433 2016 1549 2104 lat.
1588 2017 1622 2082 I
1667 2036 1814 2098 pag.
1860 2017 1987 2083 370
2016 2036 2077 2082 v,
2122 2018 2194 2083 3:
2343 2016 2350 2024 '

812 2156 881 2219 et
924 2172 1068 2219 cum
1113 2155 1294 2219 nulla
1335 2172 1561 2236 parem
1607 2158 1881 2219 conetur
1926 2153 2173 2235 alloqui
2215 2154 2441 2222 verbis

812 2275 962 2322 suos
1006 2259 1342 2344 moderato
1387 2261 1661 2323 servant
1705 2255 1774 2321 in
1821 2256 2049 2322 ordine
2093 2257 2399 2338 cursus.²³)

674 2393 974 2460 Vidimus
1004 2393 1073 2458 in
1105 2393 1480 2460 excolendis
1513 2392 1941 2476 opinionibuS,
1974 2413 2136 2474 quas
2167 2395 2381 2460 adhuc
2412 2395 2492 2459 de
2524 2394 2868 2460 stellarum

502 2496 879 2564 numinibus
929 2515 970 2563 a
1013 2496 1325 2564 Romanis
1384 2498 1562 2563 latas
1607 2497 1979 2581 statuimuS,
2039 2497 2436 2564 Graecorum
2497 2496 2869 2565 sententias

501 2600 854 2682 plurimum
899 2599 1206 2666 valuisse.
1316 2601 1456 2664 Hoc
1514 2599 1687 2665 idem
1748 2599 1967 2665 dicere
2024 2601 2351 2681 debemus
2416 2619 2560 2665 cum
2619 2602 2707 2665 ad
2759 2619 2869 2666 eos
2909 2666 2910 2669 ,

502 2703 678 2770 viros
721 2702 1215 2785 accesserimuS,
1275 2701 1389 2781 qui
1453 2701 1630 2766 inter
1672 2702 2000 2767 Romanos
2058 2701 2279 2767 sidera
2344 2721 2460 2783 pro
2519 2702 2680 2782 ipsis
2741 2702 2868 2768 diis

506 2809 919 2885 acceperunt.
1026 2803 1119 2869 Hi
1182 2803 1503 2884 imprimis
1562 2803 1932 2885 philosophi
2004 2809 2192 2887 sunt,
2258 2804 2373 2886 qui
2438 2803 2508 2869 in
2568 2804 2869 2870 Platonis

506 2905 884 2972 Aristotelis
929 2905 1291 2971 Stoicorum
1311 2906 1363 2990 4)
1408 2905 1777 2972 sententias
1820 2906 2232 2973 iuraverunt.
2334 2906 2622 2989 Quorum
2669 2907 2869 2972 affero

686 3110 723 3180 ¹)
760 3111 825 3164 V.
862 3125 1027 3177 supra
1061 3125 1187 3178 pag.
1227 3109 1326 3163 111
1364 3110 1489 3164 adn.
1531 3109 1577 3164 1.

682 3195 724 3266 2)
758 3195 972 3249 Addam
998 3195 1229 3250 alteram
1265 3196 1456 3250 rudem
1494 3201 1661 3263 atque
1687 3201 1962 3265 agrestem
1986 3195 2353 3251 narrationem
2390 3197 2457 3251 de
2481 3196 2672 3251 diurno
2698 3201 2870 3252 astro-

505 3298 624 3337 rum
651 3280 948 3337 domicili0:
986 3280 1242 3335 dicuntur
1265 3280 1408 3335 enim
1433 3281 1613 3335 sidera
1635 3297 1742 3335 non
1767 3281 1835 3335 de
1869 3281 2017 3335 caelo
2041 3281 2427 3336 descendentia
2450 3283 2545 3336 sed
2569 3281 2626 3335 in
2661 3283 2871 3336 caelum

505 3367 682 3436 ipsum
718 3366 1034 3435 migrantia,
1072 3365 1168 3420 ubi
1201 3372 1351 3420 tecta
1387 3382 1573 3421 eorum
1610 3366 1899 3420 aedificata
1924 3372 2080 3436 sunt3
2119 3383 2258 3434 quae
2293 3366 2613 3434 relinquunt
2646 3383 2871 3436 vespero

505 3458 750 3522 vocante,
782 3458 849 3508 ut
872 3452 1075 3507 eisdem
1100 3452 1414 3507 muneribus
1438 3452 1746 3521 fungantur
1771 3451 1967 3519 quibus
1991 3451 2234 3507 homines
2257 3452 2317 3507 in
2339 3452 2519 3522 terris,
2545 3469 2597 3506 v.
2627 3453 2872 3507 Ratze·

505 3538 675 3593 lium
712 3539 748 3593 1.
785 3539 822 3594 l.
857 3538 918 3594 ΙΙ
953 3554 1081 3607 pag.
1118 3538 1203 3592 88.

680 3624 721 3692 8)
758 3624 1025 3679 Graecum
1073 3623 1358 3679 inventum
1404 3629 1505 3693 est,
1565 3622 1613 3677 si
1666 3623 1812 3691 apud
1860 3623 2139 3706 Catulkim
2192 3636 2345 3678 coma
2390 3623 2678 3678 Berenices
2736 3622 2872 3679 dicit

506 3709 689 3765 LXVI
712 3710 804 3764 72:
851 3727 949 3763 nec
982 3710 1036 3763 si
1070 3727 1155 3763 me
1189 3709 1410 3778 infestis
1446 3708 1756 3777 discerpent
1799 3709 1985 3763 sidera
2030 3708 2209 3765 dictis.
2279 3710 2363 3764 De
2408 3710 2570 3763 stella
2614 3710 2871 3777 loquente

510 3809 562 3848 v.
621 3795 690 3848 H.
742 3795 1005 3850 Usener
1051 3794 1640 3865 Reliqionsyeschichtl.
1699 3794 2181 3864 Untersuchunyen
2215 3795 2244 3848 I
2292 3811 2418 3864 pag.
2467 3794 2568 3863 363
2616 3795 2869 3850 Ratzel

522 3870 885 3933 Volkerkunde
921 3881 950 3934 I
994 3897 1122 3950 pag.
1171 3882 1253 3936 76.
1302 3911 1370 3920 ——
1424 3881 1725 3936 Christiani
1769 3896 2030 3949 persaepe
2076 3880 2265 3934 stellas
2318 3882 2598 3947 loquentes
2650 3880 2873 3949 fingunt

512 3968 679 4032 atque
723 3970 953 4019 narrant
986 3981 1078 4020 eas
1114 3967 1274 4020 deum
1320 3966 1574 4039 laudibus
1624 3966 1965 4035 praedicare3
2018 3966 2157 4035 legis
2210 3967 2460 4034 exempla
2506 3965 2802 4034 composita
2837 3982 2871 4020 a

510 4049 572 4104 F.
609 4049 820 4117 Piper
854 4049 889 4103 l.
926 4051 962 4104 l.
1000 4066 1127 4120 pag.
1163 4051 1283 4104 205.
1518 4083 1523 4088 ·

680 4135 726 4203 ⁴)
761 4135 828 4190 V.
865 4135 930 4190 Ε.
955 4135 1132 4189 Zeller
1166 4136 1255 4189 III
1279 4137 1309 4189 1
1335 4153 1462 4206 pag.
1491 4137 1605 4206 190,
1642 4136 1760 4193 310.
1832 4137 1952 4191 Hac
1987 4152 2199 4205 quoque
2234 4135 2294 4191 in
2328 4152 2387 4191 re
2410 4135 2715 4205 philosophi
2749 4152 2869 4190 con-

509 4220 724 4289 spirant
757 4237 880 4275 eum
905 4220 1153 4289 opinione
1178 4220 1505 4277 Graecorum
1531 4223 1795 4291 populari.
1845 4223 2047 4278 Stellae
2071 4222 2338 4290 Aeschylo
2363 4237 2521 4291 reges
2544 4219 2717 4276 validi
2740 4226 2872 4275 sunt

510 4307 728 4377 (Agam.
747 4307 782 4360 4
795 4306 913 4375 sq.).
964 4306 1069 4361 Sed
1091 4324 1198 4361 non
1219 4307 1392 4362 solum
1417 4308 1746 4363 Graecorum
1773 4308 2105 4377 philosophis
2124 4314 2183 4363 et
2200 4308 2375 4377 poetis
2393 4308 2586 4362 stellae
2611 4306 2689 4360 dii
2711 4310 2871 4360 erant

510 4408 701 4448 verum
719 4392 887 4447 etiam
904 4393 1128 4461 populo:
1153 4392 1444 4455 hocelucet
1463 4410 1529 4448 ex
1543 4393 1878 4464 Aeginetum
1897 4394 2265 4463 anathemate,
2286 4393 2427 4461 quod
2444 4396 2569 4462 post
2585 4390 2870 4446 victoriam
