3576 5085
627 437 750 501 162
1528 431 1830 487 Guilelmus
1867 430 2080 485 Gundel
2880 429 2992 511 [70

625 606 947 687 gallorum
994 624 1157 685 oure,
1204 603 1442 685 quibus
1489 602 1784 668 omnibus
1845 600 2126 683 plaustri
2170 601 2352 667 sidus
2412 600 2761 665 indicatur.
2850 599 2989 666 Nec

626 727 753 774 non
798 712 1127 773 nostrates
1174 707 1341 772 hanc
1393 724 1616 772 vocem
1674 709 2068 786 receperunt
2127 708 2473 770 verterunt
2531 707 2992 769 servaverunt.

797 810 1076 876 Praeter
1107 816 1360 874 arctum
1393 828 1433 874 a
1464 808 1735 874 Graecis
1761 808 2040 873 alteram
2073 808 2397 887 quandam
2423 809 2677 886 septem
2702 804 2988 870 trionum

627 912 1135 994 appellationem
1213 910 1491 977 Romani
1579 916 2003 992 receperunt,
2070 927 2264 990 quam
2353 908 2583 989 paucis
2670 911 2990 990 notemuS,

623 1014 1005 1081 Helicen.
1065 1016 1306 1080 Vocem
1344 1012 1552 1097 Ἑλίκη
1581 1012 1732 1079 inde
1765 1014 1850 1077 ab
1884 1011 2173 1092 antiquis
2206 1010 2336 1077 viri
2368 1010 2543 1076 docti
2576 1012 2991 1076 deduxerunt

627 1115 737 1180 διὰ
775 1117 845 1180 τὸ
891 1112 1258 1180 ἑλίσσεσθαι
1305 1164 1319 1178 .
1367 1168 1381 1181 .
1429 1162 1442 1176 .
1491 1114 1600 1178 καὶ
1644 1112 1753 1177 διὰ
1796 1113 1867 1176 τὸ
1914 1110 2218 1177 ἕλκεσθαι
2274 1111 2403 1175 ὑπὸ
2451 1111 2749 1196 οὐρανοῦ,
2820 1114 2992 1194 quod

627 1204 805 1287 circa
849 1222 1063 1302 polum
1099 1220 1278 1286 sidus
1323 1218 1684 1302 vertitur.¹)
1795 1217 1896 1282 De
1943 1218 2196 1282 duabus
2230 1215 2400 1282 ursis
2433 1218 2681 1281 Aratus
2729 1215 2993 1282 dixerat

623 1323 766 1389 loco
820 1323 889 1388 in
934 1322 1361 1388 adnotatione
1400 1322 1696 1404 signato:

981 1420 1044 1486 οἱ
1086 1422 1194 1507 τὴν
1235 1422 1351 1503 μὲν
1393 1421 1783 1504 κυνοσουρὰν
1829 1420 2165 1507 ἐπίκλησιν
2208 1419 2543 1484 καλέουσιν

978 1525 1085 1610 τὴν
1130 1524 1186 1589 δ’
1235 1524 1449 1611 ἑτέρην
1493 1521 1722 1609 ἑλίκην,

626 1630 740 1696 ubi
783 1627 819 1710 ἡ
867 1628 1044 1713 ἑτέρη
1101 1647 1258 1694 ursa
1316 1628 1521 1695 maior
1579 1633 1697 1694 est.
1802 1627 2008 1709 Quem
2064 1646 2205 1692 cum
2265 1630 2564 1694 verteret
2623 1627 2709 1691 M.
2749 1627 2991 1709 Cicero,

626 1750 846 1798 vocem
895 1731 1128 1798 Helice
1172 1731 1242 1796 in
1288 1733 1724 1797 Romanorum
1769 1748 2129 1796 sermonem
2175 1729 2457 1810 recepit:
2517 1730 2720 1793 altera
2763 1729 2996 1793 dieitur

626 1854 752 1899 esse
796 1834 1027 1913 Helice,
1074 1835 1262 1900 Arat.
1308 1833 1501 1915 frgm.
1545 1834 1642 1899 VI
1686 1834 1725 1897 2
1772 1862 1858 1887 =
1906 1834 1986 1897 de
2031 1837 2167 1898 nat.
2214 1834 2384 1898 deor.
2431 1833 2500 1897 II
2549 1832 2689 1898 105.
2780 1831 2990 1898 Gene-

628 1937 810 2003 tivus
856 1956 1047 2003 casus
1093 1941 1209 2002 aut
1256 1954 1491 2017 graeco
1537 1954 1712 2001 more
1765 1934 2087 2000 formatur
2132 1934 2376 1998 Helices
2414 1934 2671 2017 (Avien.
2715 1935 2786 1999 II
2823 1934 2995 2019 260),

630 2044 747 2104 aut
804 2040 1094 2105 Romano
1156 2037 1409 2102 Helicae
1468 2037 1621 2120 (Cic.
1680 2043 1818 2102 nat.
1880 2040 2054 2104 deor.
2115 2037 2185 2102 II
2247 2038 2414 2121 110).
2521 2037 2733 2103 Semel
2792 2037 2994 2102 Arati

628 2141 955 2222 interpres
1016 2142 1324 2224 (Maass
1362 2140 1402 2205 l.
1447 2142 1488 2205 1.
1533 2160 1596 2222 p.
1639 2142 1784 2222 582,
1833 2140 1896 2224 1)
1967 2159 2084 2221 pro
2144 2140 2383 2206 Helica
2445 2140 2709 2221 scripsit
2766 2138 2992 2220 Helix3

630 2245 904 2309 eandem
935 2242 1209 2309 formam
1231 2244 1508 2308 tradunt
1538 2243 1734 2308 schol.
1757 2243 1952 2308 Bern.
1983 2242 2052 2307 in
2078 2242 2294 2308 Germ.
2321 2244 2434 2307 Ar.
2464 2263 2525 2323 p.
2554 2243 2699 2324 233,
2730 2244 2788 2325 3,
2823 2242 2994 2325 1213,

630 2349 992 2426 occupatur
1036 2349 1258 2410 autem
1304 2340 1439 2424 ἕλιξ
1482 2345 1816 2410 interdum
1860 2364 1901 2410 a
1946 2345 2224 2411 Graecis
2270 2347 2351 2410 de
2396 2344 2745 2429 sideribUS,
2805 2344 2997 2423 velut

631 2467 672 2513 a
712 2448 942 2513 Nonno
987 2447 1176 2512 Dion.
1214 2447 1249 2511 I
1293 2447 1420 2512 225
1465 2446 1575 2509 καὶ
1635 2449 1846 2526 στίχες
1891 2445 2201 2531 οὐρανίων
2255 2443 2495 2513 ἑλίκων.
2583 2446 2725 2513 Non
2771 2447 2995 2513 multis

631 2551 943 2617 Romanis
987 2551 1151 2617 haec
1200 2569 1328 2617 vox
1385 2556 1655 2633 accepta
1712 2550 1860 2633 fuit,
1922 2550 2052 2616 nisi
2110 2550 2414 2632 excipere
2472 2551 2574 2618 vis
2631 2551 2994 2634 Manilium,

632 2656 807 2736 apud
854 2673 1045 2734 quem
1090 2654 1125 2719 I
1169 2654 1295 2719 296
1357 2652 1571 2718 Helice
1631 2657 1830 2717 maior
1888 2658 2079 2719 extat
2140 2659 2207 2719 et
2250 2654 2285 2718 I
2329 2654 2458 2720 303
2523 2656 2601 2719 de
2661 2653 2992 2720 frontibus

632 2755 905 2823 Helicae
942 2755 1208 2823 maioris
1255 2761 1324 2823 et
1369 2756 1639 2823 minoris
1680 2758 1921 2840 agitur.
2012 2756 2226 2822 Simili
2255 2760 2440 2823 modo
2472 2755 2697 2822 Cicero
2730 2758 2813 2823 de
2856 2762 2994 2823 nat.

632 2861 805 2925 deor.
850 2859 922 2925 II
970 2860 1094 2926 110
1154 2864 1612 2926 commemorat
1658 2858 1918 2924 Helice-n
1962 2860 2378 2923 truculentam
2436 2860 2498 2925 h.
2544 2878 2596 2924 e.
2655 2859 2863 2925 feram
2923 2864 2993 2925 et

631 2962 860 3053 Avien.
908 2963 976 3029 ΙΙ
1019 2964 1142 3029 158
1189 2962 1434 3026 Helices
1478 2962 1762 3028 caudam.

1177 3184 1247 3254 ΙΙ.
1318 3184 1404 3254 De
1451 3184 1971 3269 septentrionum
2020 3184 2452 3270 opinionibus.

809 3354 1215 3437 Quicumque
1260 3372 1498 3420 serena
1527 3358 1925 3436 tempestate
1956 3355 2173 3420 oculos
2219 3355 2288 3420 in
2325 3359 2712 3420 nocturnum
2745 3355 2996 3421 caelum

630 3455 1000 3538 sustulerit,
1045 3456 1252 3537 primo
1297 3459 1532 3523 obtutu
1576 3463 1824 3539 septem
1872 3457 2103 3523 stellas
2148 3476 2306 3538 prae
2353 3456 2628 3538 reliquis
2673 3457 2997 3525 micantes
3082 3509 3096 3538 ‹

636 3559 1140 3626 animadvertet.
1229 3558 1360 3624 Suo
1404 3558 1546 3625 iure
1591 3560 1834 3623 clarum
1880 3559 2062 3624 sidus
2108 3559 2475 3641 appellavit
2507 3559 2756 3626 Seneca
2798 3560 2996 3627 Herc.

637 3662 779 3728 Oet.
845 3663 988 3728 239.
1098 3661 1336 3742 Itaque
1404 3667 1654 3743 septem
1713 3661 1868 3727 illas
1943 3661 2174 3728 stellas
2249 3661 2428 3727 inter
2499 3680 2569 3727 se
2644 3663 2997 3729 cohaerere

636 3782 961 3845 unamque
1006 3761 1270 3831 efficere
1301 3763 1869 3831 constellationem
1912 3763 2042 3830 iam
2075 3769 2339 3832 veteres
2370 3771 2641 3847 putasse
2669 3765 2997 3833 Romanos

636 3868 764 3933 fide
810 3866 1075 3950 dignum
1123 3872 1244 3932 est.
1331 3866 1557 3932 Etiam
1609 3867 1972 3949 posteriore
2007 3886 2173 3934 aevo
2216 3869 2395 3934 haud
2440 3868 2539 3934 ita
2583 3887 2734 3935 raro
2778 3869 2873 3952 fit,
2919 3874 2997 3935 ut

637 3969 753 4035 ubi
796 3968 1071 4051 simplex
1117 3969 1473 4036 affectatur
1518 3969 1777 4036 dicendi
1832 3989 2070 4053 genus,
2130 3971 2544 4037 constellatio
2604 3971 2724 4038 illa
2779 3978 2998 4055 septem

635 4072 849 4136 stellae
892 4070 1168 4137 dicatur.
1257 4072 1367 4138 Sic
1397 4072 1638 4138 Accius
1667 4072 1736 4138 in
1766 4072 2144 4139 Philocteta
2189 4073 2274 4159 (V.
2320 4074 2448 4140 566
2477 4073 2695 4157 Ribb.)
2738 4074 2855 4138 sub
2883 4093 2999 4138 axe

815 4240 855 4310 ¹)
892 4240 1060 4296 Schol.
1090 4241 1247 4296 Atat.
1268 4242 1463 4311 phaen.
1486 4243 1556 4297 35
1590 4244 1768 4297 Maass
1792 4243 1886 4299 1.1.
1925 4260 1975 4312 p.
2001 4244 2119 4312 348,
2143 4244 2192 4312 2,
2230 4244 2587 4299 recentiorum
2614 4261 2665 4300 v.
2691 4261 2735 4298 c.
2772 4244 2999 4299 Prell·

637 4328 802 4384 witz
836 4327 896 4382 in
919 4327 1083 4397 glosa
1110 4333 1274 4395 etym.
1311 4328 1412 4382 sub
1438 4344 1582 4384 voce.
1618 4328 1849 4383 aliorum
1884 4329 2244 4385 recentiorum
2276 4331 2556 4384 conamina
2592 4330 2998 4398 (Buttmann

636 4415 673 4471 1.
710 4414 746 4469 1.
782 4430 833 4482 p.
871 4412 959 4483 20)
995 4411 1130 4467 nihil
1166 4430 1356 4469 moror.
