3576 5085
697 402 818 466 138
1599 396 1903 451 Guilelmus
1941 395 2154 450 Gundel
2952 394 3065 483 [46

695 571 1065 653 opinionem
1118 569 1426 650 primitus
1484 586 1791 649 graecam
1853 566 2058 632 fuisse
2119 565 2660 632 ekistimabimus
2763 567 3065 648 Itemque

697 675 1061 740 diiudicare
1085 692 1214 738 non
1240 674 1464 753 aude0,
1497 670 1634 736 utri
1665 671 1902 751 populo
1933 670 2287 735 tribuenda
2320 669 2409 733 sit
2438 668 2771 735 sententia
2800 670 3066 752 saepius

698 779 874 858 apud
918 777 1245 841 Romanos
1292 794 1435 840 cum
1467 773 1824 854 scriptores
1864 777 2004 837 tum
2037 777 2266 852 poetas
2297 772 2492 839 obvia
2523 772 2848 855 geminari
2895 773 3065 839 Sirio

698 879 852 945 solis
898 878 1050 960 vim,
1097 896 1265 957 quae
1311 897 1392 941 ex
1437 896 1510 942 eo
1558 876 1831 942 videtur
1875 874 2198 956 derivata,
2252 876 2422 954 quod
2478 894 2551 939 re
2603 893 2764 939 vera
2808 874 3066 941 oriente

699 982 869 1047 Sirio
913 981 1376 1064 geminabat-ur
1413 980 1592 1044 calor
1638 978 1998 1059 terrestriS‚
2044 981 2118 1042 ut
2165 978 2264 1042 ait
2294 976 2612 1043 Manilius
2661 978 2717 1043 V
2765 979 2921 1043 208:
2962 998 3067 1059 96-

700 1086 1015 1164 minatque
1058 1082 1349 1146 incendia
1381 1082 1564 1146 Solia
1634 1080 1904 1160 Reliqui
1938 1081 2133 1146 huius
2164 1080 2262 1144 rei
2293 1084 2497 1145 testes
2529 1086 2682 1145 sunt
2712 1081 2881 1145 Plin.
2913 1082 3066 1147 Nat.

700 1188 849 1253 hist.
874 1187 943 1252 II
964 1188 1105 1252 124.
1135 1185 1372 1252 XVIII
1398 1185 1554 1264 27ος
1582 1184 1726 1249 8611.
1752 1182 1906 1248 Oed.
1932 1184 2046 1263 393
2080 1182 2318 1247 Colum.
2336 1183 2406 1247 II
2432 1183 2531 1265 20,
2552 1185 2604 1247 1.
2623 1183 2690 1247 Χ
2713 1184 2870 1264 40ος
2898 1184 3068 1250 Stat.

702 1292 904 1356 Theb.
927 1290 1024 1355 IV
1049 1290 1205 1369 6923
1246 1289 1480 1369 Veget.
1504 1288 1651 1352 Art.
1681 1286 1958 1352 veterin.
1986 1286 2094 1349 III
2118 1286 2219 1351 36.
2279 1286 2434 1350 Isid.
2478 1286 2637 1368 orig.
2683 1287 2791 1351 III
2823 1287 2921 1369 70,
2971 1289 3068 1353 14.

874 1392 1012 1456 Iam
1057 1396 1238 1456 certe
1285 1391 1579 1455 Graecae
1625 1394 1779 1454 sunt
1835 1388 2188 1469 opinioneS‚
2244 1408 2414 1468 quae
2475 1408 2619 1453 cum
2666 1389 3068 1455 Graecorum

700 1495 1068 1561 nominibus
1131 1492 1517 1558 coniunctae
1577 1493 1952 1556 traduntur.
2054 1492 2250 1557 Velut
2312 1511 2456 1556 cum
2515 1491 2774 1557 Plinius
2834 1497 3072 1558 narrat

701 1600 854 1663 Nat..
899 1598 1052 1662 hist.
1099 1596 1339 1660 XXXI
1385 1596 1469 1660 50
1514 1595 1857 1659 nonnullos
1900 1594 2118 1659 fontes
2161 1614 2200 1659 a
2247 1594 2431 1659 canis
2479 1599 2628 1659 ortu
2687 1594 3069 1677 frigidiores

702 1700 846 1767 fieri
891 1701 1100 1765 solere
1138 1699 1366 1764 Pellae
1411 1703 1479 1763 et
1526 1697 1686 1762 Chio
1732 1697 1799 1761 in
1847 1698 2083 1762 insula.
2172 1698 2359 1762 Haec
2403 1697 2737 1763 reicienda
2782 1703 2937 1763 sunt
2985 1702 3072 1765 ad

703 1805 1100 1870 Graecorum
1148 1804 1226 1866 de
1258 1801 1550 1866 fontibus
1581 1799 1993 1866 mirabilibus
2025 1799 2518 1884 narrationes.1)
2607 1801 2855 1866 Eodem
2887 1804 3073 1868 modo

702 1926 773 1972 se
832 1905 1012 1987 ipsas
1071 1907 1358 1985 produnt
1421 1904 1824 1970 Graecorum
1898 1901 2166 1968 fabulae
2226 1905 2311 1968 ad
2372 1903 2614 1968 Sirium
2675 1908 3072 1988 spectanteS,

704 2010 863 2075 licet
908 2026 1201 2073 sermone
1230 2006 1474 2071 Latino
1507 2004 1949 2087 proferantur.
1997 2006 2183 2089 Quae
2225 2012 2384 2071 sunt
2417 2008 2497 2071 de
2528 2025 2690 2071 cane
2723 2007 2980 2072 Orion
3001 2008 3072 2073 is

706 2113 1140 2195 (Interpretes
1183 2110 1613 2189 Arateorum3
1673 2109 1918 2191 Hygin.
1961 2110 2145 2174 Astr.
2185 2109 2256 2172 II
2301 2111 2383 2174 35
2430 2128 2492 2190 p.
2540 2111 2620 2174 74
2645 2110 2745 2193 Β),
2798 2110 3072 2176 Icarii

705 2215 849 2298 (Ov.
889 2233 1011 2278 am.
1041 2212 1112 2276 II
1145 2213 1244 2292 16,
1275 2213 1346 2292 43
1393 2211 1637 2293 Hygin.
1670 2212 1848 2276 Astr.
1878 2211 1948 2274 II
1978 2212 2062 2276 35
2103 2216 2173 2276 et
2201 2215 2273 2293 43
2321 2212 2487 2277 Stat.
2521 2211 2679 2278 Silv.
2718 2213 2815 2278 IV
2854 2215 2912 2296 4,
2961 2215 3072 2294 133

707 2318 875 2382 Stat.
937 2316 1138 2380 Theb.
1199 2314 1294 2379 IV
1357 2316 1512 2394 7763
1577 2314 1758 2380 Serv.
1820 2313 2056 2396 Georg.
2110 2315 2144 2379 I
2191 2314 2375 2398 218),
2434 2315 2863 2398 Erigones
2930 2317 3072 2399 (Ov.

705 2420 887 2485 Fast.
934 2419 993 2484 V
1041 2419 1194 2498 7233
1242 2416 1462 2497 Priap.
1507 2417 1708 2481 LXII
1751 2418 1823 2497 2;
1870 2417 2109 2482 Colum.
2155 2419 2221 2482 X
2266 2418 2423 2498 4003
2470 2419 2668 2483 Mart.
2713 2419 2817 2483 XI
2856 2421 2955 2501 69,
3001 2422 3074 2501 4;

706 2521 951 2605 Hygin.
1013 2522 1195 2586 Astr.
1255 2520 1324 2585 II
1383 2521 1454 2600 43
1516 2519 1688 2585 Stat.
1746 2520 1950 2586 Theb.
1996 2520 2090 2585 IV
2138 2520 2322 2605 692),
2384 2521 2746 2602 Cephali
2806 2522 3076 2606 (Hygin.

709 2629 889 2691 Astr.
935 2625 1004 2689 II
1049 2625 1132 2689 35
1178 2644 1240 2704 p.
1291 2625 1372 2688 73
1391 2624 1488 2707 B).

879 2726 1251 2808 Singularis
1279 2728 1601 2806 quaedam
1631 2725 1860 2791 fabula
1890 2732 2208 2792 narratur
2241 2746 2282 2791 a
2313 2726 2668 2792 scholiasta
2700 2727 3074 2793 Germanici

710 2831 961 2913 (Breys.
1007 2850 1066 2910 p.
1114 2830 1216 2906 94,
1267 2829 1391 2913 19),
1459 2848 1683 2894 63116111
1747 2830 2090 2894 adamasse
2135 2829 2415 2911 Oporam
2478 2836 2546 2894 et
2591 2830 2887 2896 adiutum
2934 2850 3076 2897 esse

711 2934 796 2999 ab
840 2932 1307 3014 Aquilonibus:
1360 2932 1481 2997 hoc
1525 2932 1861 2997 recentius
1908 2933 2307 2998 Graecorum
2367 2932 2708 2999 inventum
2769 2952 2913 2999 esse
2957 2954 3076 3016 per

710 3056 780 3102 se
810 3042 1012 3117 patet,
1057 3040 1134 3101 ut
1182 3033 1594 3114 explicarent
1627 3035 2153 3102 observationem
2185 3035 2543 3119 physicam,
2591 3055 2784 3115 quam
2815 3037 3077 3104 notavit

709 3138 965 3205 Plinius
1012 3138 1186 3221 (Nat.
1224 3137 1377 3202 hist.
1416 3137 1487 3200 II
1535 3139 1675 3203 123.
1726 3139 1867 3202 124.
1907 3138 2072 3219 130),
2135 3139 2476 3219 aquilones
2523 3138 2863 3205 caniculae
2907 3145 3073 3206 tam-

712 3260 905 3321 quam
950 3242 1326 3321 prodromos
1374 3258 1533 3305 esse.
2423 3295 2428 3300 .

883 3345 992 3408 Ad
1038 3348 1299 3408 exteros
1359 3342 1591 3425 fontes,
1645 3342 1791 3409 sive
1836 3343 2122 3409 Graecos
2164 3343 2307 3411 sive
2352 3344 2720 3426 Aegyptios
2781 3349 3077 3411 statuere

711 3446 944 3528 maviS,
990 3446 1211 3511 redire
1255 3444 1571 3512 videntur
1615 3445 1816 3510 etiam
1864 3465 1961 3527 ea,
2031 3464 2196 3526 quae
2259 3448 2339 3511 de
2386 3446 2554 3512 Sirio
2616 3447 3079 3513 exundationis

713 3549 1008 3613 Niliacae
1070 3554 1339 3613 auctore
1398 3549 1769 3613 traduntur.
1888 3549 1997 3613 Ita
2055 3548 2312 3614 Plinius
2357 3550 2507 3614 Nat.
2565 3549 2717 3614 hist.
2779 3551 2838 3615 V
2898 3551 2981 3616 56
3042 3570 3079 3617 e

717 3651 982 3716 Timaeo
1025 3651 1489 3716 mathematico
1534 3656 1769 3715 narrat
1816 3651 2321 3716 exundationem
2367 3651 2511 3716 fieri
2564 3672 2604 3714 a
2646 3654 2819 3715 canis
2862 3658 3080 3717 είδοντα

705 3774 820 3836 per
864 3755 1189 3816 introitum
1219 3754 1366 3816 solis
1393 3754 1465 3816 in
1505 3754 1747 3817 leonem.
1838 3753 2094 3819 Similia
2126 3756 2400 3819 tradunt
2436 3756 2591 3820 Luc.
2633 3757 2700 3820 X
2731 3757 2887 3838 2263
2933 3757 3078 3822 8611.

715 3858 866 3922 Nat.
911 3863 1162 3936 quaest.
1210 3858 1304 3922 IV
1351 3858 1408 3938 2,
1458 3858 1525 3936 1;
1569 3858 1795 3923 Claud.
1844 3876 2036 3922 carm.
2082 3856 2233 3922 min.
2277 3857 2583 3923 XXVIII
2627 3860 2708 3923 33
2727 3858 2921 3945 sqq.2)

887 3960 1256 4025 Posteriore
1302 3961 1556 4024 demum
1596 3978 1758 4025 aevo
1796 3959 2268 4025 Chaldaeorum
2314 3964 2399 4025 ad
2429 3961 2667 4026 Sirium
2700 3966 3079 4042 spectantes

717 4062 1055 4128 doctrinae
1117 4082 1158 4126 a
1215 4062 1526 4127 Romanis
1587 4068 1899 4144 receptae
1960 4068 2132 4127 sunt.
2244 4063 2385 4128 Iam
2445 4084 2648 4145 supra
2702 4084 2854 4146 pag.
2897 4067 2983 4131 40
3043 4084 3079 4130 6

892 4232 931 4298 ¹)
969 4247 1020 4285 v.
1059 4232 1116 4287 C.
1153 4232 1376 4287 Laudi
1414 4232 1572 4287 Stud.
1610 4232 1731 4288 ital.
1769 4231 1829 4285 di
1864 4231 2031 4287 Fizol.
2070 4232 2223 4286 cla83.
2263 4234 2351 4287 III
2387 4233 2523 4287 1895
2557 4250 2682 4303 pag.
2720 4233 2817 4286 531
2836 4250 2950 4301 sqq.

889 4316 931 4386 2)
968 4316 1071 4383 Qui
1106 4318 1272 4372 etiam
1308 4319 1374 4372 de
1410 4334 1542 4373 cane
1586 4318 1771 4371 Nilum
1808 4318 2095 4373 hauriente
2144 4319 2311 4373 verba
2357 4319 2505 4387 facit,
2556 4319 2696 4386 quod
2745 4325 2954 4387 spectat
3009 4320 3080 4374 ad

717 4403 947 4456 calorem
985 4402 1254 4458 aestivum
1292 4419 1504 4458 umores
1541 4403 1834 4459 siccantem
1871 4404 2033 4473 (Man.
2072 4406 2123 4460 V
2160 4405 2289 4474 2113
2329 4405 2438 4459 Col.
2476 4406 2526 4458 X
2563 4404 2666 4469 41).
