3576 5085
765 411 892 476 120
1670 407 1976 462 Guilelmus
2011 407 2229 463 Gundel
3020 409 3132 497 [28

757 580 973 661 stella,
989 579 1270 661 primum
1285 598 1551 661 passum
1571 579 1866 645 saliendo
1884 579 2196 660 perficere
2213 583 2521 660 putatur:
2547 580 2719 645 Mon.
2745 579 2959 646 Germ.
2975 580 3132 647 hist.

758 687 931 765 poet.
954 683 1069 748 lat.
1095 684 1258 748 med.
1282 682 1512 749 aev.II
1535 702 1596 763 p.
1623 682 1747 747 142
1773 701 1834 749 v.
1853 684 1937 747 28
1961 682 2319 766 (assurqit);
2360 682 2545 747 PLM
2571 682 2630 748 V
2659 701 2718 763 p.
2754 683 2881 749 209
2917 702 2977 749 v.
3001 683 3134 751 470

759 785 983 870 (exilit)
1005 784 1087 870 1);
1130 781 1435 867 Cyprian.
1480 786 1731 865 heptat.
1773 785 1934 850 Gen.
1980 803 2039 849 v.
2073 785 2669 868 635.(prorumpit).
2758 786 2889 851 Sed
2931 786 3133 870 longa

759 887 1024 970 itinera,
1069 887 1297 968 qualia
1325 892 1481 952 sunt
1528 887 1847 953 caelestia
1876 887 2238 969 stellarum,
2282 906 2411 952 non
2442 887 2724 967 pedibus
2770 890 2888 954 sed
2935 908 3132 956 curru

757 991 869 1056 vel
913 990 1100 1071 equis
1145 989 1583 1056 conficiebant
1626 995 1907 1056 veteres,
1989 989 2173 1072 Quod
2220 991 2575 1055 humanum
2619 990 2995 1056 institutum
3044 994 3130 1057 ad

758 1092 980 1158 sidera
1023 1091 1390 1158 referentes
1435 1110 1711 1174 vespero
1742 1110 1997 1173 quoque
2029 1111 2291 1158 currum
2338 1093 2445 1159 vel
2490 1109 2689 1172 equos
2731 1092 3130 1160 tribuerunt.

758 1194 984 1277 Equi
1028 1194 1321 1261 Luciferi
1380 1197 1770 1261 laudantur:
1831 1195 2029 1276 Verg.
2098 1195 2335 1277 Georg.
2381 1196 2415 1259 1
2458 1195 2609 1275 25ος
2677 1196 2752 1260 Il.
2811 1195 2925 1261 lat.
2970 1197 3129 1278 3683

759 1298 957 1363 Mart.
989 1298 1141 1379 Cap.
1173 1299 1269 1365 VI
1298 1299 1441 1364 592.
1529 1298 1752 1363 Axes
1783 1297 1901 1363 Ov.
1934 1316 2057 1363 am.
2088 1297 2123 1362 I
2152 1298 2208 1379 6,
2241 1298 2339 1362 65.
2428 1298 2650 1363 Rota
2688 1298 2832 1364 Tib.
2866 1299 2902 1363 I
2931 1299 2990 1381 9,
3026 1300 3129 1364 62.

764 1400 1305 1467 Curriculum
1352 1402 1575 1466 Claud.
1608 1400 1817 1465 XXII
1844 1401 1989 1466 439.
2078 1400 2455 1466 Posteriore
2502 1419 2658 1467 vero
2696 1406 2989 1483 tempore
3032 1401 3130 1467 iu-

759 1522 993 1571 venem
1038 1503 1416 1584 expeditum
1460 1522 1592 1569 non
1636 1521 1848 1584 curru,
1911 1505 2025 1568 sed
2071 1521 2236 1583 equo
2296 1503 2451 1569 vehi
2516 1505 2809 1569 decebat.
2914 1504 3008 1569 Et
3051 1520 3131 1570 ea

761 1606 1088 1670 hominum
1134 1607 1535 1671 consuetudo
1580 1605 1783 1671 astris
1830 1606 1993 1670 data
2040 1616 2158 1670 est.
2249 1605 2596 1671 Sexcentis
2641 1606 2804 1672 locis
2847 1608 3132 1688 Hesperi

762 1726 966 1789 equus
997 1712 1536 1773 commemoratur
1567 1707 1837 1788 eiusque
1868 1709 2113 1773 colores
2143 1707 2522 1774 laudantur.
2600 1708 2891 1774 Afferam
2920 1714 3130 1776 testes

759 1809 1069 1877 Ovidium
1118 1810 1300 1894 (Met.
1340 1811 1469 1876 XV
1517 1811 1666 1895 189)
1711 1810 1850 1874 albo
1894 1811 2122 1892 lucifer
2163 1812 2287 1874 exit
2331 1811 2541 1874 clarus
2582 1831 2749 1893 eque,
2796 1813 3014 1879 Amor.
3058 1812 3131 1877 II

764 1915 862 1997 11,
893 1914 996 1996 56,
1041 1913 1241 1979 Trist.
1283 1914 1392 1978 III
1435 1914 1492 1988 5,
1524 1915 1639 1995 56;
1686 1913 2063 1978 Martialem
2112 1912 2282 1979 VIII
2326 1915 2427 1996 21,
2468 1913 2540 1995 5;
2586 1914 2878 1980 Statium
2925 1915 3131 1982 Theb.

759 2017 831 2081 H
880 2018 1023 2098 139,
1092 2016 1251 2083 Silv.
1297 2016 1366 2081 II
1412 2018 1470 2099 6,
1518 2017 1637 2097 793
1693 2016 1899 2082 Rutil.
1960 2016 2219 2082 Namat.
2275 2017 2308 2081 Ι
2354 2017 2514 2097 430;
2581 2016 2726 2082 CIL
2772 2018 2869 2082 VI
2900 2019 3131 2100 21521,

762 2121 836 2200 8;
894 2120 1089 2184 Mart.
1149 2118 1303 2199 Cap.
1362 2119 1434 2183 II
1488 2120 1614 2183 113
1634 2118 1717 2202 2),
1792 2119 2354 2199 Claudianumque
2414 2118 2706 2203 (XXXV
2762 2120 2943 2204 122),
3018 2121 3132 2202 qui

762 2221 1198 2302 pulcherrime
1244 2220 1413 2286 dixit
1456 2221 1624 2287 VIII
1669 2222 1791 2286 561
1821 2240 1991 2301 sqq:

1070 2357 1228 2440 quin
1275 2357 1473 2423 etiam
1519 2359 1713 2425 velox
1758 2359 2061 2423 Aurorae
2106 2357 2382 2424 nuntius
2426 2359 2692 2424 Aethon

1068 2461 1182 2542 qui
1225 2460 1421 2541 fugat
1464 2460 1728 2526 hinnitu
1772 2461 2019 2545 stellaS‚
2065 2480 2381 2541 roseoque
2427 2464 2731 2528 domatur

1066 2565 1391 2648 Lucifero,
1439 2565 1743 2645 quotiens
1790 2565 2077 2646 equitem
2123 2570 2190 2630 te
2238 2566 2453 2631 cernit
2502 2567 2587 2632 ab
2635 2566 2856 2649 astris

1067 2667 1346 2735 invidet.

930 2805 1056 2870 His
1086 2805 1500 2887 opinionibus
1532 2804 1929 2871 conveniunt
1950 2806 2118 2871 artis
2141 2824 2400 2886 quoque
2424 2812 2860 2889 monumenta,
2892 2805 3131 2887 quibus

759 2908 1095 2989 Hesperus
1154 2927 1354 2989 eques
1413 2914 1513 2974 est
1580 2908 1791 2974 facem
1852 2907 2159 2988 quatiens
2219 2908 2465 2992 (Sittl
2522 2908 2965 2990 Archaeoloyie
3020 2907 3133 2971 der

759 3011 975 3075 Kunst
1019 3031 1076 3092 p.
1123 3011 1281 3091 8303
1327 3010 1888 3077 Weizsacker
1931 3011 1971 3075 l.
2018 3029 2070 3075 c.
2115 3030 2173 3091 p.
2220 3012 2390 3076 2447
2445 3015 2514 3076 et
2559 3012 2753 3096 2451)
2812 3012 2921 3079 vel
2966 3013 3136 3077 adeo

762 3133 968 3194 equus
991 3113 1040 3197 a)
1076 3114 1278 3179 stella
1323 3112 1529 3194 capiti
1572 3113 1881 3193 imposita
1926 3119 2199 3179 ornatus
2254 3119 2323 3178 et
2368 3132 2649 3180 aurorae
2687 3133 2949 3180 currum
2991 3118 3133 3179 tra·

763 3216 929 3280 hens
967 3216 1056 3300 (J.
1099 3215 1360 3281 Baier
1407 3214 1640 3280 Gemm.
1686 3215 1831 3280 thes.
1875 3218 2013 3281 tab.
2061 3215 2229 3280 VIII
2278 3216 2357 3299 1).
2425 3217 2616 3282 Unde
2646 3221 2943 3299 apparet,
2975 3234 3131 3298 quo·

761 3318 948 3383 modo
988 3317 1234 3382 factum
1266 3317 1372 3398 sit,
1420 3323 1498 3383 ut
1529 3315 1683 3398 equi
1712 3319 2023 3383 mortales
2060 3322 2126 3382 et
2172 3317 2301 3399 ipsi
2331 3318 2597 3384 luciferi
2634 3319 2744 3385 vel
2778 3318 3133 3401 phosphori

765 3419 1265 3501 appellarentur
1309 3419 1577 3503 (Auson.
1625 3420 1782 3501 epit.
1828 3420 1962 3484 her.
2007 3439 2068 3487 v.
2114 3420 2199 3485 34
2243 3440 2303 3501 p.
2348 3421 2432 3486 84
2448 3421 2546 3505 P).
3115 3448 3119 3451 ⁴

932 3538 1162 3619 Neque
1206 3545 1428 3604 tamen
1471 3539 1592 3604 hoc
1653 3539 1749 3605 eis
1812 3538 2222 3621 argumentis
2292 3540 2593 3606 concludi
2658 3559 2851 3623 posse
2906 3546 3130 3623 putem

658 3665 662 3670 ·
763 3646 1061 3709 veterum
1135 3643 1458 3722 quondam
1518 3642 1955 3708 Romanorum
2022 3642 2408 3724 religionem
2454 3643 2688 3709 stellas
2734 3643 2863 3709 sibi
2908 3661 3130 3710 omnes

762 3745 1126 3810 bestiarum
1181 3743 1399 3825 specie
1456 3744 1791 3825 praeditas
1853 3744 2155 3828 finxisse,
2222 3748 2337 3811 sed
2401 3746 2565 3811 haee
2626 3765 2708 3811 ex
2766 3745 3133 3812 recentiore

938 3982 978 4050 ¹)
1015 3982 1273 4036 Conferas
1309 3982 1489 4038 Nonni
1513 3982 1670 4038 Dion.
1708 3984 1822 4037 XII
1850 3984 1909 4037 3:
1959 3982 2214 4052 Ἕσπερος
2247 3981 2421 4052 α’στὴρ
2445 3983 2726 4053 θρῴσκων
2760 3984 2819 4035 ἐκ
2853 3984 3131 4053 μεγάροιο.

937 4066 979 4134 ²)
1016 4067 1119 4121 Cui
1152 4068 1266 4122 loco
1302 4068 1565 4137 Koppio
1618 4073 1761 4123 teste
1811 4068 2076 4137 adcripsit
2113 4068 2383 4138 interpres
2420 4070 2800 4125 Germanicus:
2855 4069 2948 4123 cles
2984 4071 3132 4139 tayo-

760 4156 982 4208 sternen
1015 4168 1108 4206 ros
1141 4151 1274 4207 karo
1311 4153 1594 4222 (paratus)
1629 4153 1824 4207 wadre.

937 4238 978 4308 ⁸)
1013 4239 1131 4293 Hoc
1166 4238 1326 4307 plane
1362 4240 1632 4294 consentit
1667 4256 1790 4294 cum
1826 4238 2084 4293 Indorum
2120 4238 2412 4310 religione,
2462 4241 2557 4308 qui
2603 4231 2893 4295 luciferum
2930 4255 3132 4307 equum

761 4325 1045 4395 fingebant
1091 4323 1516 4394 (Oldenberg
1582 4323 1967 4394 Vedareliyion
2018 4341 2070 4392 p.
2108 4325 2190 4394 73,
2241 4327 2301 4393 43
2368 4325 2712 4379 Schrader
2773 4324 3133 4380 Realleoeicon

763 4410 859 4464 cler
892 4409 1001 4480 idq.
1039 4408 1526 4463 Altertumskunde
1560 4426 1612 4478 p.
1651 4409 1791 4478 673).
