3576 5085
651 412 775 476 148
1555 409 1856 464 Guilelmus
1892 409 2108 497 Gundel
2901 409 3014 496 [56

648 580 720 646 ΙΙ
760 582 801 645 4
848 580 930 663 (p.
976 582 1059 646 35
1075 580 1187 664 B):
1241 579 1458 642 dicunt
1501 579 1778 657 Icarum,
1827 600 1965 643 cum
2011 600 2051 643 a
2095 579 2312 643 Libero
2347 584 2530 662 patre
2572 581 2787 644 vin-um
2845 602 3015 644 acce-

641 685 849 766 mssa,
870 684 1080 746 statim
1103 687 1272 745 utres
1295 682 1511 763 plenos
1531 684 1602 745 in
1614 683 1901 763 plaustro
1921 683 2318 764 imposuisse:
2344 682 2458 745 hac
2480 703 2549 745 re
2572 684 2755 746 etiam
2771 684 3018 748 Booten

645 786 1094 867 appellatum.¹)
1183 785 1549 850 Secundum
1611 785 1775 851 alios
1821 790 2043 850 autem
2089 786 2285 867 (Hyg.
2330 784 2416 850 ib.
2447 805 2507 865 p.
2539 787 2624 851 38
2642 786 2722 870 B)
2767 787 3016 853 Bootes

648 887 1047 954 Philomelus
1093 888 1356 967 quidam
1403 891 1567 970 erat,
1615 887 1872 952 Cereris
1918 892 1987 952 et
2030 887 2282 953 Iasonis
2333 887 2525 969 filius,
2583 907 2774 969 quem
2818 893 3011 970 puta-

648 992 812 1056 bant
856 990 1022 1053 boves
1064 990 1218 1053 duos
1262 991 1479 1054 emisse
1520 994 1576 1052 et
1621 991 1828 1070 ipsum
1882 990 2163 1069 primum
2214 991 2574 1070 plaustrum
2631 990 3015 1070 fabricatum

647 1113 788 1157 6336.
844 1092 1066 1173 Itaque
1094 1092 1337 1157 arando
1382 1096 1439 1155 et
1466 1092 1713 1157 colendo
1743 1112 1928 1172 ayros
1954 1111 2027 1155 ecc
2057 1111 2123 1155 eo
2151 1111 2216 1155 36
2252 1093 2497 1170 aluisse,
2545 1094 2723 1156 cui-us
2753 1099 3012 1157 matrem

646 1198 895 1259 inventa
938 1197 1262 1275 miratam,
1321 1199 1390 1257 ut
1433 1200 1715 1258 arantem
1739 1195 1790 1278 2)
1850 1215 1988 1257 eum
2046 1196 2211 1258 inter
2265 1195 2472 1258 sidera
2518 1197 2899 1260 constituisse
2955 1201 3016 1260 et

646 1298 886 1361 Booten
949 1298 1301 1378 appellasse.
1426 1297 1614 1378 Quae
1683 1297 2155 1378 explicationes
2235 1317 2361 1362 non
2439 1298 2645 1363 solum
2711 1306 3012 1365 veterum

646 1406 987 1483 poetarum
1032 1399 1295 1465 fabulas
1341 1402 1458 1465 sed
1503 1400 1706 1464 etiam
1751 1399 2187 1480 posteriorum
2251 1400 2539 1465 studium
2587 1402 2855 1482 sapiunt
2914 1420 3017 1467 se·

649 1506 930 1569 cundum
974 1502 1292 1568 rationem
1338 1503 1555 1567 omnia
1602 1502 1993 1583 explicandi.

819 1605 1249 1687 Intellegitur
1295 1623 1376 1670 ex
1429 1604 1534 1670 his
1580 1603 1839 1685 fabulis,
1901 1606 2212 1685 quomodo
2259 1604 2506 1669 factum
2554 1605 2663 1688 sit,
2722 1609 2797 1670 ut
2855 1624 3013 1670 non-

646 1709 816 1774 nulli
874 1708 1314 1774 Romanorum
1374 1712 1610 1787 poetae
1670 1707 1959 1773 Graecos
2018 1708 2332 1774 videlicet
2391 1708 2601 1773 secuti
2657 1710 3014 1773 Arcturum

647 1815 984 1891 tamquam
1028 1810 1350 1875 hominem
1399 1808 1823 1889 depinxerint
1878 1809 2054 1875 iuter
2115 1814 2298 1875 astra
2358 1812 2722 1891 degentem.
2825 1811 3013 1892 Quod

647 1913 946 1994 inprimis
991 1914 1269 1978 Plautus
1314 1910 1477 1976 fecit
1522 1912 1589 1976 in
1633 1911 1963 1977 Rudentis
2006 1913 2290 1994 prologO,
2350 1913 2464 1978 ubi
2509 1914 2780 1993 loquens
2825 1913 3013 1977 indu-

649 2016 823 2080 citur
865 2017 1207 2095 Arctnrm,
1254 2013 1436 2079 cuius
1482 2015 1693 2080 verba
1734 2013 1912 2079 infra
1958 2014 2024 2080 in
2071 2016 2291 2095 capite
2343 2015 2544 2081 tertio
2588 2016 2796 2080 fusius
2840 2020 3015 2080 trac-

648 2119 824 2183 tabo.
912 2116 1229 2181 Fortasse
1273 2114 1386 2196 qui
1427 2115 1522 2181 ibi
1567 2119 1924 2181 Arcturum
1969 2118 2213 2197 agebat
2243 2117 2478 2183 histrio
2522 2117 2790 2183 bubulci
2836 2136 3018 2181 more

647 2220 917 2284 indutus
965 2222 1127 2299 erat,
1187 2218 1382 2297 quale
1429 2218 1609 2282 sidus
1669 2217 2052 2298 depingitur
2115 2218 2184 2281 in
2244 2219 2571 2282 codicibus
2633 2217 3012 2282 Germanici

647 2321 979 2404 (Thiele
1023 2320 1064 2386 l.
1108 2320 1149 2385 l.
1191 2340 1250 2400 p.
1282 2320 1391 2404 96)
1440 2326 1509 2385 et
1556 2319 1747 2399 quale
1792 2317 2193 2383 describitur
2238 2319 2367 2383 iam
2413 2320 2497 2384 ab
2530 2321 2736 2384 Arato
2770 2337 2862 2385 VS.
2895 2320 3012 2385 91:

1435 2506 1686 2521 .....
1734 2457 2002 2539 φέρεται
2045 2453 2289 2517 ἐλάοντι
2338 2449 2560 2531 ἐοικώς

947 2558 1387 2644 Ἅρκτοφύλαξ,
1431 2555 1536 2620 τὸν
1581 2557 1637 2643 ῥ’
1663 2556 1889 2643 ἄνδρες
1935 2555 2330 2621 ἐπικλείουσι
2373 2561 2654 2643 Βοώτην.

820 2696 1119 2762 Hominis
1178 2697 1393 2762 instar
1451 2696 1804 2761 bubulcum
1863 2694 2095 2763 vivere
2155 2714 2233 2761 ac
2308 2695 2504 2762 citius
2574 2701 2690 2761 aut
2751 2696 3018 2762 tardius

647 2798 894 2865 moveri
940 2803 1281 2880 poetarum
1326 2798 1505 2863 locus
1550 2798 1901 2863 communis
1948 2803 2065 2879 est,
2112 2799 2342 2863 videas
2390 2798 2507 2864 Ov.
2553 2800 2707 2864 Met.
2753 2799 2824 2863 II
2858 2801 3015 2880 1763

649 2902 819 2967 Stat.
866 2902 1067 2967 Theb.
1114 2902 1147 2966 I
1192 2901 1334 2980 692,
1394 2901 1461 2964 Χ
1506 2901 1663 2980 328;
1726 2900 1951 2964 Claud.
2011 2900 2277 2964 XXXV
2324 2901 2466 2966 190.
2555 2901 2799 2967 Similis
2843 2901 3019 2967 ratio

647 3005 822 3071 inest
867 3005 935 3070 in
982 3002 1313 3085 epithetis,
1368 3002 1605 3080 quibus
1650 3007 1924 3065 ornatur
1968 3002 2205 3065 Bootes
2265 3022 2305 3065 a
2349 3003 2740 3069 Latinorum
2784 3004 3019 3088 poetis,

649 3126 820 3188 quae
848 3106 1109 3186 longius
1141 3103 1468 3184 explicare
1504 3120 1665 3182 opus
1688 3120 1818 3166 non
1844 3102 2002 3166 erit:
2051 3103 2368 3167 arduus
2401 3104 2617 3170 Germ.
2640 3107 2834 3172 Arat.
2854 3107 3018 3188 596;

648 3209 884 3275 Avien.
914 3208 985 3271 H
1016 3205 1175 3285 2603
1219 3205 1300 3269 in
1319 3223 1363 3286 g
1382 3223 1522 3269 ens
1555 3204 1787 3270 Avien.
1811 3204 1881 3268 II
1906 3203 2098 3284 13033
2129 3204 2367 3270 iratu
2386 3224 2416 3271 s
2456 3206 2681 3274 Claud.
2713 3209 3017 3274 XXXVI

649 3311 805 3391 2253
843 3310 1090 3391 piger
1123 3307 1239 3373 Ov.
1270 3307 1452 3371 Fast.
1482 3305 1588 3370 III
1619 3306 1776 3386 4053
1816 3306 2041 3371 Iuven.
2074 3306 2132 3371 V
2158 3307 2271 3388 233
2305 3307 2529 3375 Claud.
2560 3311 2828 3376 XXXV
2859 3312 3014 3393 1903

648 3411 1044 3494 placidus
1091 3410 1285 3474 Mart.
1328 3407 1494 3473 VIII
1539 3407 1640 3488 21,
1685 3407 1756 3487 3;
1806 3407 2160 3487 rapidus
2191 3411 2315 3475 Av.
2361 3411 2468 3476 III
2509 3414 2664 3493 1893
2719 3413 3020 3495 rigens

647 3514 893 3596 frigore
927 3515 1150 3577 arctoo
1175 3510 1401 3576 Octav.
1435 3509 1592 3589 2343
1640 3527 1879 3574 serus
1923 3511 2113 3591 Prop.
2144 3512 2243 3577 IV
2272 3513 2330 3596 5,
2363 3514 2477 3594 353
2524 3517 2777 3580 tardu
2798 3535 2829 3582 3
2878 3517 3017 3582 Cat.

647 3616 872 3682 LXVI
917 3616 1031 3694 673
1079 3613 1294 3679 Germ.
1324 3614 1513 3677 Arat.
1552 3612 1708 3693 1393
1754 3612 1893 3678 Oct.
1926 3615 2051 3680 233
2085 3615 2198 3696 a].;
2246 3616 2491 3682 velox
2537 3617 2693 3683 Luc.
2731 3619 2839 3683 III
2870 3621 3016 3686 252.

829 3786 865 3850 ¹)
900 3785 1023 3838 Huc
1069 3781 1369 3850 respiciunt
1414 3782 1779 3836 Romanorum
1840 3789 2030 3852 poetae
2090 3800 2210 3838 cum
2257 3786 2467 3840 Booten
2517 3787 2786 3841 seniorem
2833 3789 3018 3856 (Mart.

649 3872 778 3938 Cap.
803 3871 861 3923 ΙΙ
879 3869 966 3938 98)
988 3869 1076 3923 vel
1094 3884 1271 3922 senem
1293 3868 1432 3936 (Sen.
1452 3868 1591 3922 Med.
1611 3868 1735 3937 315)
1761 3869 2069 3924 nominent:
2114 3875 2197 3925 est
2229 3870 2372 3924 enim
2402 3871 2462 3925 in
2479 3872 2667 3926 fabula
2689 3874 2786 3927 illa
2806 3874 3015 3928 Icarius

646 3956 924 4023 Erigonae
958 3953 1104 4008 filiae
1140 3955 1360 4008 adultae
1396 3959 1569 4023 pater,
1605 3953 1796 4021 itaque
1832 3960 2016 4009 aetate
2063 3955 2170 4009 iam
2208 3957 2529 4025 provectior.
2601 3959 2876 4013 Alludunt
2910 3960 3018 4013 huc

647 4046 864 4111 praeter
898 4040 1020 4094 illos
1057 4039 1236 4094 Germ.
1274 4056 1324 4094 v.
1351 4039 1446 4108 903
1484 4038 1583 4094 Ov.
1620 4040 1750 4095 Met.
1783 4041 1835 4093 X
1859 4040 1986 4108 4503
2027 4041 2186 4109 Prop.
2225 4042 2312 4095 III
2347 4043 2431 4111 31,
2468 4043 2567 4112 243
2605 4044 2724 4097 Tib.
2762 4045 2843 4100 IV
2880 4046 2925 4112 1,
2951 4044 3015 4113 93

650 4144 699 4181 v.
736 4126 976 4180 Eratost.
1014 4130 1119 4179 cat.
1157 4125 1252 4179 rel.
1291 4126 1372 4179 ed.
1409 4124 1670 4179 Robert
1704 4142 1755 4193 p.
1788 4126 1872 4180 39.
1900 4126 1964 4179 79
2002 4133 2059 4181 et
2082 4127 2145 4181 E.
2171 4127 2396 4182 Maass
2422 4130 2580 4183 Anal.
2604 4130 2759 4184 Erat.
2798 4129 3013 4198 (Philol.

646 4212 970 4267 Untersuch.
1008 4210 1106 4278 VI)
1144 4228 1194 4278 p.
1235 4209 1350 4263 100.
1388 4210 1505 4264 120.

823 4296 863 4363 ²)
900 4297 1149 4350 Aratoris
1184 4296 1424 4350 fabulam
1463 4296 1530 4350 de
1567 4297 1799 4364 sphaera
1834 4297 2116 4352 barbarica
2154 4300 2495 4368 desumptam
2522 4316 2638 4355 esse
2676 4301 3015 4355 demonstrat

647 4384 708 4438 F.
745 4384 903 4438 Boll
937 4383 972 4438 l.
1011 4398 1054 4436 c.
1092 4399 1218 4452 pag.
1256 4382 1483 4450 229sqq.
