3576 5085
679 430 806 495 128
1584 424 1889 480 Guilelmus
1926 423 2140 479 Gundel
2939 422 3052 513 [35

856 598 1142 681 CaniS,
1185 599 1417 680 is-gen.
1448 613 1646 662 masc.
1706 596 1873 661 Inde
1911 597 1996 662 ab
2031 596 2250 662 eodem
2282 594 2424 661 fere
2461 600 2756 678 tempore
2786 596 3053 679 legitur.

681 702 953 770 Occurit
998 701 1169 767 enim
1202 700 1484 782 primum
1524 701 1705 781 apud
1736 698 2131 781 Ciceronem,
2178 698 2292 779 qui
2335 699 2601 780 saepius
2637 698 2760 764 hoc
2789 700 3053 766 nomine

679 806 751 872 in
792 803 1137 872 vertendis
1177 802 1378 868 Arati
1407 801 1875 883 phaenomenis
1904 802 2139 883 utitur,
2183 806 2260 867 ut
2303 801 2582 884 signum,
2621 818 2756 866 non
2786 803 3051 868 stellam

680 908 975 991 appellet
1006 907 1190 991 (4622
1231 905 1518 986 fervidus
1543 905 1649 969 ille
1687 906 1864 968 came
1891 909 2013 968 toto
2044 924 2182 967 cum
2213 923 2461 985 corpore
2497 903 2687 984 cedit3
2719 905 2859 971 108.
2909 906 3051 971 123.

683 1013 826 1077 126.
874 1011 1015 1076 138.
1063 1011 1207 1075 276.
1252 1010 1399 1075 378.
1442 1010 1612 1091 388).
1694 1007 1993 1088 Cumque
2037 1026 2236 1089 supra
2281 1007 2658 1088 dixerimus,
2702 1008 3051 1073 caniculam

681 1112 1231 1197 significationem
1295 1113 1535 1178 stellae
1596 1129 1741 1177 esse
1804 1129 1963 1177 vere
2020 1110 2399 1192 Romanam,
2423 1109 2474 1193 1)
2531 1126 2707 1175 nunc
2766 1110 3051 1177 fort-‚ame

679 1216 1064 1283 conciudere
1105 1214 1306 1280 liceat
1349 1233 1563 1277 canem
1610 1218 1842 1294 postea
1873 1212 2301 1280 adinventum
2347 1230 2512 1296 esse,
2558 1230 2685 1293 quo
2731 1210 3053 1280 vocabulo

681 1320 1082 1387 Graecorum
1127 1317 1386 1400 signum
1419 1318 1588 1380 κύων
1631 1316 1864 1381 melias
1895 1315 2392 1397 exprimeretur.
2481 1316 2645 1381 Post
2675 1314 3053 1382 Ciceronem

682 1427 905 1488 autem
966 1420 1163 1487 huius
1222 1419 1531 1487 voca-buli
1605 1437 1762 1485 usus
1837 1419 2039 1485 valde
2110 1417 2526 1500 percrebruit
2585 1423 2784 1499 atque
2850 1418 3053 1485 etiam

681 1523 892 1607 ipsius
967 1523 1310 1589 caniculae
1375 1522 1612 1588 stellae
1684 1522 1896 1587 locum
1970 1521 2338 1602 occupavit.
2456 1521 2644 1603 Quod
2710 1522 3055 1602 permultis

683 1625 1084 1693 testimoniis
1139 1627 1474 1708 probatur,
1533 1643 1807 1707 quorum
1866 1624 2008 1690 sola
2067 1624 2339 1689 afferam
2405 1623 2644 1690 Isidori
2702 1627 2915 1691 verba
2967 1624 3054 1690 de

683 1734 819 1796 nat.
865 1749 990 1795 rer.
1037 1729 1271 1794 XXVI
1319 1730 1432 1794 14:
1499 1728 1713 1793 Sirius
1770 1728 1949 1792 stella
2006 1731 2125 1805 est,
2187 1746 2375 1808 quam
2433 1727 2614 1808 vulqo
2671 1746 2886 1791 canem
2946 1746 3055 1809 ap·

676 1832 993 1916 pellanffl)
1082 1832 1320 1913 Itaque
1365 1850 1483 1913 per
1528 1831 1745 1898 omnia
1804 1852 1865 1913 p.
1912 1830 2062 1896 Chr.
2103 1849 2166 1896 n.
2227 1830 2490 1895 saecula
2548 1830 2618 1895 in
2663 1828 3054 1896 Latinorum

682 1936 914 2019 lingua
938 1940 1216 2017 praeter
1234 1936 1595 1999 ‘caniculam
1629 1934 1834 2000 etiam
1864 1935 2042 1998 canis
2080 1934 2527 2014 usurpabatur
2558 1940 2628 1999 et
2658 1952 2775 2014 pro
2805 1929 3057 2015 signoff)

680 2043 753 2105 et
797 2057 916 2120 pro
956 2039 1176 2105 stella.
1264 2038 1463 2104 Cuius
1494 2057 1652 2104 usus
1693 2037 1989 2120 vestigia
2033 2042 2497 2102 remanserunt
2540 2037 2612 2102 in
2657 2037 2887 2119 lingua
2921 2038 3057 2102 Ita·

682 2141 894 2207 lorum
932 2140 1082 2225 (cam
1125 2141 1359 2220 celeste)
1404 2145 1474 2205 et
1517 2139 1987 2205 Lusitanorum
2032 2145 2213 2218 (cano
2255 2139 2558 2224 celeste).⁴)

855 2243 958 2307 De
1024 2242 1390 2322 veriloquio
1455 2260 1692 2308 vocum
1764 2243 1942 2305 canis
2009 2247 2081 2307 et
2142 2242 2462 2305 caniculae
2515 2260 2731 2323 pauca
2795 2247 3055 2308 tantum

682 2346 912 2427 habeo,
957 2363 1126 2426 quae
1172 2346 1425 2410 addam.
1506 2344 1823 2410 Veterum
1870 2344 1983 2424 qui
2028 2344 2098 2409 id
2139 2344 2634 2427 quaesiverunt,
2693 2346 3054 2411 Varronem

686 2466 887 2514 unum
906 2447 1185 2529 nemim,
1211 2447 1325 2526 qui
1354 2465 1578 2514 vocem
1603 2448 1778 2510 canis
1807 2452 1926 2513 aut
1943 2467 1984 2535 a
2005 2448 2234 2513 catulo
2259 2453 2377 2514 aut
2408 2467 2450 2513 a
2471 2448 2767 2514 canendo
2793 2447 3058 2514 derivat

685 2550 787 2636 (L.
832 2551 908 2616 L.
953 2552 1012 2617 V
1058 2551 1159 2632 99,
1205 2550 1339 2615 VII
1381 2551 1510 2636 32),
1557 2565 1848 2631 quorum
1870 2557 2181 2617 neutrum
2228 2552 2437 2617 doctis
2477 2551 2848 2618 recentiore
2894 2568 3058 2617 aevo

687 2652 1019 2719 satisfecit
1035 2653 1111 2737 ⁶);
1164 2671 1333 2735 quae
1407 2652 1477 2718 hi
1554 2654 1970 2720 tentaverint
2031 2653 2406 2737 conamina,
2473 2653 2865 2735 nuperrime.
2910 2672 3058 2719 con-

688 2755 901 2838 gessit
946 2757 1017 2821 A.
1072 2756 1158 2821 W
1173 2756 1252 2821 al
1269 2757 1312 2822 d
1326 2775 1361 2821 e
1413 2755 1832 2820 Lateinaesssches
1871 2756 2358 2838 etymologiae-hes
2407 2755 2808 2821 Warterbuch
2850 2776 2912 2837 p.
2955 2757 3060 2837 91,

686 2858 789 2924 ita
834 2863 908 2925 ut
950 2858 1111 2924 mihi
1156 2877 1238 2925 ea
1276 2864 1587 2940 repetere
1612 2878 1784 2941 opus
1828 2877 1957 2926 non
1989 2859 2155 2945 sit.⁶)
2244 2859 2532 2942 Cumque
2568 2859 2873 2926 Waldius
2918 2858 3058 2940 ipse

867 3062 907 3132 ¹)
943 3064 1134 3131 Neque
1170 3068 1355 3117 tamen
1390 3062 1554 3117 nimis
1591 3062 1829 3117 tribuam
1865 3063 2222 3131 posteriorum
2245 3064 2407 3133 notis,
2444 3063 2638 3131 quibus
2673 3063 2731 3118 id
2754 3063 3062 3118 confirmari

688 3148 959 3203 videatur.
1030 3165 1084 3203 v.
1121 3165 1166 3201 c.
1203 3148 1377 3202 Schol.
1413 3148 1733 3203 Strozziana
1767 3153 1824 3203 et
1861 3149 2142 3218 Saugerm.
2179 3149 2237 3204 in
2272 3150 2453 3204 Germ.
2491 3150 2649 3204 Arat.
2686 3166 2737 3218 p.
2775 3149 2892 3218 167,
2918 3149 2966 3202 3.
2997 3149 3063 3203 15

690 3232 908 3302 Breys.:
945 3232 1150 3286 Latini
1173 3235 1360 3287 autem
1395 3233 1554 3288 illam
1590 3232 1855 3305 (Sirium)
1893 3235 2205 3289 caniculam
2234 3238 2444 3290 vocant.

870 3317 912 3387 ⁹)
949 3335 1000 3373 v.
1038 3318 1280 3374 eiusdem
1317 3319 1468 3390 Orig.
1492 3319 1583 3374 111
1608 3318 1690 3388 70,
1731 3320 1812 3375 14.
1844 3320 1927 3374 15.

866 3404 907 3472 ⁸)
946 3404 1049 3459 Ubi
1082 3419 1317 3473 procyon
1338 3422 1557 3474 quoque
1579 3406 1889 3475 respicitur,
1928 3407 1996 3461 de
2019 3407 2229 3462 duobus
2255 3407 2496 3475 canibus,
2534 3407 2736 3462 maiore
2759 3411 2818 3462 et
2839 3406 3061 3474 minore,

690 3489 907 3545 faciunt
955 3506 1271 3545 sermonem.
1343 3508 1395 3546 v.
1432 3507 1478 3546 c.
1527 3491 1748 3546 Viti-nv.
1795 3492 1863 3546 de
1910 3492 2055 3546 arch.
2104 3492 2184 3546 IX
2218 3493 2268 3560 5,
2299 3493 2365 3561 Ως
2415 3493 2624 3562 Hygin.
2661 3498 2865 3548 astron.
2900 3493 2958 3546 II
2992 3492 3064 3546 36

696 3593 749 3644 p.
788 3576 949 3644 7413„
987 3576 1075 3630 111
1111 3576 1180 3629 35
1215 3593 1266 3644 p.
1304 3577 1450 3630 9613.
2111 3564 2117 3569 ’

868 3661 912 3730 ⁴)
949 3661 1090 3728 Quin
1127 3662 1295 3717 etiam
1328 3662 1592 3717 Germani
1628 3668 1875 3718 veterum
1911 3668 2238 3732 receperunt
2285 3663 2721 3734 appellationem,
2770 3664 2898 3718 dum
2947 3679 3066 3718 ver-

696 3751 827 3802 tunt
844 3745 1220 3814 Hzmdsstcrn,
1247 3764 1298 3802 v.
1324 3749 1711 3803 Harsdii-rff
1720 3764 1817 3816 er,
1855 3748 2035 3802 Math.
2061 3765 2113 3802 u.
2134 3748 2335 3817 philos.
2361 3748 2981 3818 Ermtickunysetwtden
3003 3749 3065 3802 ΙΙ

693 3845 821 3902 pag.
863 3832 981 3886 275.
1052 3833 1242 3901 Neque
1277 3834 1506 3889 deerant
1552 3839 1842 3902 nostrateS,
1889 3834 1985 3902 qui
2019 3849 2360 3904 paganorum
2397 3849 2593 3889 nomen
2628 3835 2789 3889 rebus
2824 3833 3065 3889 Iudaicis

696 3933 893 3973 ornare
918 3920 1140 3987 vellent,
1165 3919 1465 3975 referentes
1486 3935 1551 3974 ea
1569 3922 1638 3974 ad
1657 3921 1794 3975 illud
1813 3920 2043 3975 Davidis
2066 3921 2118 3988 (S
2130 3926 2196 3975 tr
2209 3937 2242 3974 a
2255 3936 2293 3975 u
2307 3920 2382 3974 ch
2413 3921 2778 3990 Astroynoeia
2794 3936 2921 3990 pag.
2940 3919 3063 3986 125)

694 4003 783 4058 vel
808 4004 1014 4058 Tobiae
1040 4005 1366 4073 (Strauch
1396 4006 1494 4074 ib.)
1543 4007 1631 4060 vel
1662 4006 1938 4062 Jezabelis
1975 4005 2382 4075 (Schickard
2432 4005 2844 4075 Astroscopimn
2881 4023 2933 4074 p.
2969 4006 3064 4073 983

693 4090 1207 4144 HarssdorJf-fer
1241 4091 1277 4145 1.
1314 4092 1349 4147 l.
1384 4108 1436 4160 p.
1475 4092 1596 4161 278)
1632 4097 1690 4146 et
1723 4091 2012 4146 historiam
2050 4097 2106 4145 et
2149 4092 2585 4160 appellationem.

873 4176 916 4243 ⁶)
953 4176 1109 4231 Unus
1134 4176 1230 4244 qui
1254 4189 1375 4231 cum
1399 4177 1647 4232 Varrone
1671 4195 1705 4231 a
1728 4177 1970 4232 canendo
1999 4182 2227 4245 ‘etymon
2251 4177 2411 4233 duxit
2449 4179 2490 4232 C
2505 4178 2774 4233 receliu
2789 4195 2815 4232 s
2853 4177 3067 4236 (Hbfers

691 4260 1028 4329 Zeitschrift
1062 4262 1150 4315 III
1185 4261 1306 4331 343)
1343 4262 1692 4331 vituperatur
1728 4280 1761 4317 a
1792 4262 2035 4317 P-o-ttio
2072 4262 2316 4332 Etymol.
2347 4263 2577 4318 Eoo-sch.
2613 4264 2693 4318 1V
2728 4278 2782 4332 p.
2803 4263 2907 4316 847
2943 4261 3068 4317 adn.

871 4345 914 4415 ⁶)
948 4346 1057 4414 Qui
1070 4351 1262 4401 tamen
1281 4363 1387 4402 non
1401 4353 1784 4402 commemorat
1803 4348 1848 4403 G
1863 4348 1964 4402 ild
1978 4363 2010 4403 e
2023 4365 2077 4402 m
2089 4348 2152 4403 ei
2166 4364 2191 4403 s
2204 4355 2231 4404 t
2243 4364 2272 4403 e
2286 4349 2345 4403 ri
2366 4349 2687 4418 opinionem,
2706 4348 2881 4403 latere
2895 4348 2953 4402 in
2970 4348 3078 4402 illa

694 4448 825 4488 voce
862 4433 1099 4488 radicem
1137 4432 1492 4488 sanseriteam
1529 4448 1612 4501 ou,
1648 4434 1738 4488 cui
1774 4434 1859 4489 vis
1897 4434 1972 4489 sit
2007 4434 2339 4503 splendendi,
2387 4435 2468 4489 ita
2515 4439 2581 4488 ut
2616 4433 2765 4488 canis
2813 4449 2934 4488 eum
2974 4434 3070 4502 qui
