3576 5085
765 398 889 464 124
1669 394 1974 450 Guilelmus
2009 393 2224 449 Gundel
3021 395 3129 483 [32

761 567 1091 634 Aeneidos
1133 566 1169 631 I
1205 567 1364 633 382:
1412 570 1611 630 matre
1651 565 1766 630 dea
1812 569 2194 629 monstrante
2232 565 2398 629 viam
2444 565 2797 648 adscripto,
2854 566 2967 648 qui
3011 569 3127 634 ad-

761 673 953 736 notat
1002 670 1359 736 Varronem
1405 668 1475 734 in
1522 669 1806 735 secundo
1840 667 2214 734 divinarum
2258 666 2428 735 libro
2472 668 2860 734 tradidisse:
2905 689 2981 733 ex
3008 690 3130 751 quo

759 772 837 836 de
895 772 1092 836 Troia
1147 775 1234 835 eet
1306 790 1583 854 cyressus
1639 772 1894 834 Aeneas
1907 821 1923 853 ,
1991 769 2239 834 Veneris
2308 789 2449 834 eum
2514 790 2643 853 per-
2690 770 2854 835 diem
2912 772 3132 837 cotidie

758 874 997 940 stellam
1040 874 1282 953 vidisse,
1343 873 1528 938 donec
1572 873 1660 938 ad
1715 892 1943 955 aprum
1989 873 2380 937 Laurentum
2436 874 2683 939 veniret.
2789 875 3014 956 thue
3058 875 3130 941 in

763 978 1031 1043 Aeneae
1093 976 1257 1042 fatis
1317 975 1573 1056 aliquid
1631 974 1765 1041 fuit
1814 975 2097 1042 Veneris
2155 976 2372 1059 stella,
2434 975 2538 1041 ita
2594 977 2798 1043 etiam
2857 976 2928 1043 in
2971 978 3131 1044 Iulii

762 1079 1096 1163 CaesariS,
1155 1079 1268 1161 qui
1326 1098 1410 1145 ex
1468 1083 1736 1144 Aeneae
1805 1078 2013 1160 stirpe
2073 1083 2336 1145 creatus
2395 1080 2776 1161 putabatur.
2881 1081 3132 1147 Narrat

760 1181 1035 1248 Ovidius
1086 1183 1244 1248 Met.
1302 1183 1431 1249 XV
1490 1182 1617 1248 843
1634 1201 1772 1262 sqq.
1841 1180 2146 1248 Caesaris
2204 1181 2490 1247 animam
2550 1201 2592 1247 a
2636 1183 2895 1249 Venere
2953 1182 3133 1249 inter

764 1285 996 1350 stellas
1055 1303 1200 1350 esse
1259 1283 1559 1349 relatam.
1670 1282 1916 1366 Quodsi
1981 1283 2090 1349 hic
2151 1286 2231 1349 de
2290 1285 2491 1349 stella
2550 1284 2796 1350 crinita
2861 1286 3132 1368 cogitat,

761 1386 1145 1469 Propertius
1188 1388 1286 1453 IV
1332 1388 1389 1469 6,
1435 1388 1520 1454 59
1566 1385 1871 1452 Caesaris
1923 1387 2212 1452 animam
2270 1386 2342 1452 in
2399 1386 2748 1454 luciferum
2807 1388 3132 1469 migrasse

762 1495 1025 1556 narrat:
1070 1495 1137 1553 al
1155 1493 1341 1571 pater
1367 1488 1579 1554 Idalio
1623 1490 1898 1553 miratur
1930 1487 2168 1553 Caesar
2195 1488 2272 1552 ab
2302 1493 2489 1553 astro.
2559 1489 2752 1556 Unde
2782 1509 3130 1572 vesperum

761 1592 868 1661 vel
911 1592 1118 1672 ipsius
1165 1591 1471 1658 Caesaris
1515 1593 1779 1658 stellam
1825 1592 2155 1675 dixerunt,
2201 1598 2278 1657 ut
2322 1592 2665 1676 Vergilius
2705 1593 2820 1659 ecl.
2864 1594 2969 1659 IX
3009 1595 3129 1659 47:

762 1715 890 1759 ecce
932 1694 1203 1759 Dionaei
1235 1696 1533 1778 process-it
1579 1693 1872 1759 Caesaris
1913 1699 2172 1777 astrum,
2218 1713 2408 1775 quem
2452 1696 2753 1762 imitatus
2795 1696 3130 1763 Ausonius

762 1797 928 1864 Dist.
974 1799 1055 1864 de
1102 1816 1300 1864 menS.
1345 1816 1406 1865 v.
1456 1799 1536 1864 13
1582 1818 1643 1880 p.
1688 1799 1846 1864 991³
1890 1796 2163 1863 cecinit:

1168 1900 1333 1966 inde·
1368 1900 1665 1967 Dionaeo
1711 1901 2138 1984 praefulgens
2182 1901 2394 1966 Iulius
2438 1905 2619 1968 astro

1256 2003 1536 2070 aestatis
1581 2003 1836 2070 mediae
1880 2009 2179 2085 tempora
2224 2012 2410 2069 certa
2448 2009 2648 2069 tenet.

932 2106 1125 2172 Hanc
1165 2106 1563 2171 sententiam
1608 2106 1896 2172 irridens
1925 2106 2342 2188 Augustinus
2389 2106 2488 2172 ait
2536 2109 2617 2172 de
2656 2108 2859 2172 doctr.
2891 2106 3134 2173 Christ.

761 2209 831 2273 II
876 2210 990 2274 21:
1034 2207 1213 2272 sidus
1255 2208 1420 2288 quod
1463 2210 1852 2292 appellamus
1888 2209 2223 2290 luciferum
2251 2209 2474 2272 honori
2500 2214 2558 2272 et
2600 2210 2843 2272 nomini
2878 2207 3138 2274 Caesari

761 2309 1041 2375 Romani
1082 2310 1296 2374 dicare
1339 2313 1544 2375 conati
1583 2315 1750 2375 sunt.
1817 2316 1875 2375 et
1926 2312 2197 2392 fortasse
2247 2311 2492 2392 factum
2550 2316 2700 2375 esset
2752 2317 2935 2393 atque
2990 2314 3138 2377 isset

762 2415 834 2476 in
875 2418 1247 2491 vetustatem,
1307 2415 1438 2477 uisi
1495 2416 1636 2479 avia
1693 2416 1826 2479 eius
1882 2415 2086 2479 Venus
2134 2421 2644 2498 praeoccupasset
2697 2415 2808 2480 hoc
2863 2417 3138 2481 nominis

762 2515 1116 2598 praedium.

936 2620 1064 2685 Sed
1109 2622 1506 2702 procedente
1550 2619 2020 2701 imperatorum
2062 2624 2288 2685 aetate
2332 2620 2403 2685 in
2437 2619 2579 2685 dies
2622 2620 2834 2704 magis
2879 2640 3132 2688 cresce-

761 2724 883 2789 bat
927 2723 1404 2789 Chaldaeorum
1458 2721 1843 2804 superstitio
1903 2722 2305 2806 astrologica
2370 2726 2543 2803 apud
2588 2723 2916 2790 Romanos
2975 2729 3045 2789 et
3090 2744 3136 2790 a

763 2826 970 2893 variis
1030 2825 1380 2909 gentilium
1441 2824 1875 2907 religionibus
1932 2830 2205 2906 recepta
2261 2825 2639 2891 mortalium
2696 2826 2947 2893 animos
3004 2827 3136 2893 sibi

763 2929 1103 2996 devinctos
1149 2930 1442 2993 tenebat.
1532 2927 1680 3011 Qua
1727 2929 1808 2993 de
1852 2947 1927 2993 re
1986 2946 2130 2994 cum
2193 2928 2403 2993 fusius
2462 2928 2856 3009 scripserint
2910 2947 3135 2995 recen-

764 3033 1004 3099 tiorum
1038 3031 1165 3099 viri
1196 3030 1449 3115 docti,1)
1480 3050 1600 3112 ego
1630 3032 1867 3113 longus
1906 3049 2050 3096 esse
2078 3031 2242 3096 nolo.
2289 3030 2497 3098 Varia
2527 3031 2857 3098 hominum
2887 3051 3136 3115 genera

765 3135 837 3201 in
894 3135 1174 3201 tutelam
1234 3134 1468 3200 stellae
1530 3135 1869 3200 Venereae
1926 3134 2336 3217 dicaverunt,
2402 3142 2696 3201 oratores
2757 3136 3137 3201 sacerdotes

761 3242 990 3320 gratos
1040 3244 1358 3303 venustos
1405 3236 1668 3302 divites.
1756 3238 1942 3302 Haec
1974 3244 2041 3302 et
2088 3236 2226 3303 alia
2264 3243 2740 3303 enumerantur
2777 3258 2817 3303 a
2849 3236 3135 3303 Firmico

764 3342 1085 3422 Materno,
1130 3340 1245 3420 qui
1278 3341 1343 3404 M
1349 3341 1652 3406 atheseos
1696 3340 1856 3405 libri
1894 3340 2084 3405 tertii
2115 3346 2317 3420 caput
2359 3346 2619 3406 sextum
2649 3344 2861 3406 totum
2891 3338 3138 3405 Veneri

763 3444 981 3509 dedit:
1028 3445 1198 3524 quod
1244 3443 1447 3508 adeas
1485 3449 1657 3524 peto,
1701 3442 1759 3508 si
1805 3445 1886 3507 de
1930 3442 2034 3508 his
2064 3442 2479 3523 opinionibus
2524 3443 2843 3509 seriorum
2888 3449 3135 3523 tempo·

763 3565 908 3612 rum
954 3545 1195 3612 certior
1253 3544 1399 3612 fieri
1459 3544 1659 3628 cupis.
1762 3544 1938 3627 Quin
1995 3545 2197 3610 etiam
2260 3564 2298 3611 e
2346 3545 2816 3611 Chaldaeorum
2876 3546 3137 3611 ratione

763 3652 990 3713 natum
1027 3648 1312 3731 videtur,
1358 3651 1529 3728 quod
1558 3649 1924 3713 desultores
1955 3648 2281 3713 circenses
2311 3647 2467 3712 huic
2492 3647 2732 3714 stellae
2762 3667 2833 3714 se
2863 3649 3134 3713 manda-

761 3753 947 3816 bant.
1033 3751 1216 3816 Dicit
1254 3750 1425 3816 enim
1470 3750 1761 3817 Isidorus
1807 3751 1967 3832 orig.
1999 3750 2238 3816 XVIII
2267 3751 2369 3834 36,
2417 3753 2487 3816 1:
2531 3750 2863 3816 desultores
2882 3750 2933 3836 ²)
2980 3752 3135 3815 luci-

939 3888 980 3956 ¹)
1015 3888 1084 3941 H.
1139 3888 1333 3956 Kopp
1387 3886 1831 3956 Palaeoyraphia
1888 3886 2087 3940 critica
2137 3888 2228 3940 111
2279 3903 2330 3955 p.
2384 3886 2643 3957 333sqq.;
2715 3890 2779 3943 A.
2829 3887 3136 3942 Bouche-

763 3973 1098 4041 Leclercq
1143 3971 1507 4042 L’astroloyie
1537 3989 1764 4042 yrecque
1804 3989 1857 4041 p.
1893 3972 2055 4040 88sq.
2094 3973 2352 4040 324sqq.;
2406 3973 2468 4026 Ε.
2508 3973 2735 4028 Maass
2787 3972 3138 4042 Tayesyo’tter

763 4076 815 4127 p.
854 4058 983 4127 1523
1019 4059 1330 4113 Roseher
1376 4059 1550 4126 Myth.
1588 4059 1720 4112 Lex.
1755 4075 1799 4112 s.
1838 4075 1891 4113 v.
1928 4058 2200 4112 Planetcu
2234 4076 2284 4127 p.
2321 4058 2476 4113 2535.

936 4144 978 4213 ²)
1016 4145 1153 4199 Cum
1210 4144 1269 4198 in
1342 4143 1422 4198 eis
1469 4160 1610 4212 quae
1656 4144 1992 4200 antecedunt
2048 4144 2288 4199 Isidorus
2336 4145 2403 4199 de
2450 4144 2605 4213 equis
2654 4146 2817 4214 agat,
2866 4143 3135 4199 Arevalus

763 4231 966 4300 (equos)
1002 4229 1328 4284 desultorios
1363 4229 1597 4285 scribere
1621 4231 1876 4285 malebat.
1925 4229 2077 4297 Quod
2101 4246 2171 4285 ne
2194 4231 2497 4301 probemus,
2524 4247 2586 4285 eo
2611 4230 2949 4299 impedimur,
2988 4230 3136 4297 quod

761 4318 822 4372 in
857 4314 1212 4384 sequentibus
1246 4315 1490 4369 Isidorus
1524 4315 1715 4370 XVIII
1750 4315 1821 4369 39
1866 4332 1976 4370 non
2011 4315 2340 4371 desultorios
2387 4316 2630 4385 explicat
2676 4317 2771 4370 sed
2819 4314 3135 4369 desultores.

762 4401 888 4471 oqui
921 4400 1185 4455 circenses
1219 4415 1341 4455 cum
1377 4400 1600 4455 lucifero
1636 4408 2025 4470 comparantur
2060 4419 2095 4456 a
2130 4401 2367 4457 Cassiod.
2406 4402 2536 4457 Var.
2577 4401 2667 4455 ΠΙ
2700 4401 2786 4458 51.
