3576 5085
492 436 641 527 115]
934 439 1017 493 De
1053 438 1335 493 stellarum
1373 436 1737 507 appellatione
1771 442 1831 492 et
1864 435 2129 506 religione
2164 436 2410 490 Romana
2722 438 2864 504 207·

484 611 710 675 scilicet
754 631 941 693 quam
986 609 1193 674 halitu
1238 616 1549 673 terra-rum
1592 610 1998 675 sustinentur.
2084 606 2224 671 Hoc
2281 607 2412 672 illis
2466 608 2864 693 alimentum,

482 712 580 777 hic
616 719 844 793 pastus
898 712 1057 797 eust)
1165 712 1306 777 Nec
1349 717 1569 778 tamen
1616 717 1888 778 cunctos
1931 711 2258 777 Romanos
2316 711 2418 777 ita
2476 730 2620 777 cum
2679 711 2851 793 sapi-

485 816 747 882 entibus
807 815 1164 898 cogitasse,
1223 816 1447 880 eodem
1508 814 1840 880 Ciceronis
1904 815 2047 880 loco
2105 816 2409 879 docemur
2466 830 2657 894 quem
2714 814 2850 880 iam

483 919 687 984 semel
731 918 1094 999 attulimuS,
1140 919 1221 983 de
1263 922 1402 983 nat.
1461 919 1630 983 deor.
1675 917 1747 981 II
1792 917 1895 1000 59,
1953 915 2070 982 ubi
2114 916 2347 982 stellas
2406 935 2619 997 neque
2679 917 2850 983 escis

483 1039 693 1102 neque
766 1020 1142 1103 potionibus
1163 1020 1212 1104 ²)
1298 1020 1391 1086 ali
1469 1024 1832 1086 asseverat.
1956 1019 2144 1102 Quod
2221 1020 2478 1101 poetice
2567 1019 2851 1086 retinuit

484 1124 834 1190 Salvianus
879 1141 1387 1189 commemorans
1434 1122 1540 1206 (de
1600 1122 1948 1205 gubernat.
1994 1122 2102 1188 dei
2145 1122 2182 1187 I
2224 1123 2326 1205 43,
2385 1122 2570 1204 Corp.
2614 1122 2852 1204 Script.

485 1227 710 1293 eccles,
754 1226 873 1291 lat.
915 1225 1086 1291 VIII
1129 1224 1239 1310 21)
1285 1224 1504 1289 datum
1546 1245 1657 1309 per
1701 1224 2131 1309 quadrayinta
2174 1245 2375 1289 annos
2402 1227 2593 1289 astris
2635 1226 2850 1290 cotidie

476 1328 946 1412 famulantibus
985 1328 1206 1393 cibum.
2634 1349 2668 1383 ο

656 1448 881 1529 thue
926 1446 1260 1513 alimentis
1319 1447 1709 1512 nutriuntur
1752 1447 2007 1531 stellae,
2051 1447 2151 1513 ita
2196 1450 2266 1513 et
2309 1447 2593 1517 invicem
2646 1449 2850 1537 ἀπορ·

486 1552 672 1634 ροίας
701 1552 1016 1630 quasdam
1047 1551 1349 1633 reddunt,
1386 1549 1605 1614 lumen
1638 1554 1708 1615 et
1741 1550 1963 1616 radios
1996 1549 2156 1616 dico.
2216 1550 2389 1634 Quin
2421 1552 2621 1618 etiam
2655 1573 2848 1634 quem

484 1654 952 1719 decedentibus
997 1651 1212 1718 stellis
1256 1671 1447 1717 mane
1491 1652 1922 1733 reperiebant
1964 1670 2197 1735 rorem,
2242 1671 2279 1719 e
2310 1654 2636 1720 sideribus
2682 1657 2849 1721 ceci-

482 1754 656 1820 disse
699 1756 1033 1836 putabant
1075 1753 1414 1838 vete1·eS.⁸)
1503 1753 1613 1819 Sic
1649 1754 1989 1836 Vergilius
2036 1754 2200 1821 Aen.
2243 1755 2352 1820 III
2379 1758 2506 1822 567
2553 1759 2852 1838 appellat

485 1862 671 1922 astra
714 1857 1030 1939 rorantia,
1089 1855 1272 1921 cuius
1334 1855 1662 1936 opinionis
1724 1857 2024 1937 exempla
2085 1857 2418 1924 crebriora
2475 1858 2661 1943 fiunt,
2720 1878 2846 1941 quo

484 1958 685 2025 altius
757 1959 827 2023 in
901 1958 1170 2024 saecula
1243 1957 1709 2023 descendimus,
1827 1958 1937 2023 Ita
2005 1958 2286 2042 legimus
2358 1960 2428 2025 in
2494 1961 2847 2045 pervigilio

484 2060 765 2128 Veneris
810 2082 873 2129 v.
916 2062 1033 2127 20:

790 2183 1042 2247 Humor
1083 2182 1216 2265 ille,
1263 2200 1454 2262 quem
1499 2181 1751 2248 serenis
1799 2187 1985 2248 astra
2037 2188 2269 2248 rorant
2312 2183 2632 2250 noctibus.

653 2304 913 2367 Addam
975 2302 1284 2384 Fulgent.
1343 2302 1553 2383 Myth.
1611 2302 1648 2368 I
1694 2303 1804 2384 11;
1874 2320 2134 2368 carmen
2197 2304 2278 2368 de
2336 2322 2463 2370 ave
2522 2304 2847 2371 Phoenice

481 2380 670 2470 PLM
699 2405 804 2470 ΠΙ
849 2423 999 2486 pag.
1031 2406 1157 2470 258
1203 2424 1263 2471 v.
1304 2407 1461 2486 111;
1506 2404 1815 2486 cyprian.
1846 2405 2119 2487 Heptat.
2153 2406 2316 2472 Gen.
2346 2407 2503 2488 3343
2550 2406 2847 2474 Salvian.

483 2509 563 2574 de
600 2509 872 2591 gubern.
920 2506 1027 2573 dei
1067 2507 1101 2573 I
1145 2508 1230 2574 43
1276 2506 1491 2591 (corp.
1533 2506 1756 2589 script.
1805 2508 2035 2575 eccles,
2075 2508 2193 2574 lat
2240 2508 2410 2575 VIII
2455 2508 2581 2593 21).

653 2629 732 2694 In
763 2627 1138 2693 memoriam
1167 2626 1355 2693 nobis
1385 2628 1506 2692 hoc
1535 2628 1672 2692 loco
1702 2645 2000 2693 revocem
2043 2628 2172 2694 mel
2203 2646 2459 2709 quoque
2489 2632 2846 2696 secundum

481 2731 936 2796 nonnullorum
981 2728 1350 2809 opinionem
1388 2728 1728 2815 ⁴destillari
1766 2748 1809 2794 a
1839 2728 2185 2812 sideribuS,
2232 2745 2361 2810 qua
2406 2732 2487 2796 de
2531 2750 2605 2797 re
2644 2751 2846 2814 supra

482 2852 631 2914 pag.
674 2832 758 2898 45
804 2830 1059 2912 egimus
1103 2830 1322 2896 Plinio
1367 2835 1557 2913 teste,
1603 2830 1716 2912 qui
1774 2831 1966 2896 addit
2009 2830 2159 2897 Nat.
2206 2831 2361 2898 hist.
2404 2832 2509 2898 XI
2553 2834 2668 2900 30:
2726 2822 2860 2898 sive

480 2934 590 2998 ille
631 2939 719 2998 est
760 2935 915 2998 caeli
955 2933 1163 3016 sudor,
1206 2935 1331 2997 sive
1374 2933 1682 3017 quaedam
1740 2933 2016 2997 siderum
2058 2934 2276 3018 saliva,
2333 2936 2455 2999 sive
2506 2939 2845 3017 puryantis

481 3056 547 3100 se
587 3038 754 3100 aeris
793 3036 1057 3120 sucusf)

651 3156 934 3222 Praeter
960 3148 1294 3221 ‘alimenta
1335 3154 1627 3222 homines
1670 3155 2011 3222 lavatione
2038 3155 2358 3238 indigent.
2445 3156 2677 3223 Etiam
2721 3158 2843 3224 hoc

418 3284 421 3287 ·
480 3259 695 3326 stellis
740 3258 1227 3341 attribuerunt,
1287 3277 1452 3340 quas
1511 3258 1770 3323 Oceano
1835 3259 2087 3324 tinctas
2143 3259 2436 3325 recreari
2492 3260 2840 3340 putabant.

480 3361 667 3447 Quod
710 3364 931 3427 tamen
976 3359 1187 3442 magis
1221 3359 1622 3426 Graecorum
1664 3359 2009 3426 inventum
2052 3360 2427 3442 putaverim
2468 3361 2717 3427 maiore
2761 3381 2846 3429 ex

478 3469 671 3545 parte
730 3481 913 3529 mare
971 3462 1405 3528 accolentium
1478 3481 1674 3543 quam
1734 3462 2127 3528 Latinorum
2199 3469 2452 3528 montes
2512 3463 2844 3546 collesque

477 3565 997 3651 habitantium.⁶)
1086 3565 1186 3630 De
1233 3565 1628 3632 Graecorum
1687 3564 1851 3631 locis
1910 3565 2040 3631 huc
2083 3564 2558 3646 spectantibus
2591 3565 2843 3650 egimus

653 3733 692 3803 ²)
730 3734 1054 3789 Accuratiun
1089 3734 1233 3789 idem
1267 3738 1513 3788 cometae
1548 3732 1872 3789 alimentum
1907 3734 2166 3790 describit
2198 3735 2402 3791 ibidem
2437 3736 2552 3791 VII
2586 3736 2670 3807 21,
2708 3737 2756 3793 1.

653 3819 696 3888 ²)
732 3819 979 3874 Nubibus
1015 3825 1074 3875 et
1105 3819 1270 3873 imbri
1303 3824 1604 3888 pascuntur
1641 3824 1852 3888 septem
1887 3818 2110 3888 trioneS,
2146 3836 2200 3875 v.
2237 3836 2403 3889 supra
2435 3838 2489 3890 p.
2526 3821 2610 3876 79.

657 3904 697 3974 ³)
731 3905 1006 3973 Imprimis
1025 3905 1092 3960 de
1110 3906 1255 3975 luna,
1282 3922 1334 3961 v.
1354 3905 1444 3960 W.
1463 3906 1532 3960 H.
1557 3906 1868 3960 Roscher
1888 3905 2073 3960 Selene
2090 3906 2208 3960 und
2230 3906 2591 3978 Verwaudtes,
2618 3908 2842 3978 Lipsiae

483 3988 620 4043 1890
652 4005 778 4058 pag.
813 3989 882 4043 49
895 4004 1071 4059 seqq.;
1107 3991 1174 4044 de
1208 3990 1435 4045 lucifero
1469 3997 1689 4046 rorante
1725 3990 1853 4046 vide
1888 4006 2054 4059 supra
2087 4007 2217 4061 pag.
2252 3992 2336 4046 25.

650 4076 695 4143 ⁴)
730 4075 796 4130 V.
832 4074 921 4130 W.
956 4075 1025 4129 H.
1061 4076 1367 4129 Roscher
1389 4075 1608 4130 Νάσων
1631 4075 1748 4130 und
1770 4075 2066 4130 Ambrosia
2096 4092 2225 4146 pag.
2250 4076 2472 4147 13sqq.;
2512 4078 2698 4133 Selene
2721 4078 2844 4133 und

492 4158 838 4215 Vcrwaudtes
872 4178 999 4231 pag.
1038 4159 1106 4213 65
1141 4165 1198 4215 et
1232 4176 1359 4230 pag.
1396 4161 1465 4214 49
1500 4162 1624 4215 adn.
1664 4162 1779 4215 199.
2851 4190 2854 4195 <

651 4245 695 4316 ⁸)
731 4245 965 4301 Romani
999 4246 1047 4300 si
1083 4245 1215 4314 quid
1250 4246 1353 4300 hac
1388 4247 1456 4300 de
1489 4263 1551 4301 re
1585 4246 1904 4316 cogitarunt
1951 4253 2103 4302 astra
2148 4247 2208 4302 in
2248 4248 2508 4320 Ianiculo,
2544 4248 2602 4302 id
2650 4253 2734 4302 est
2779 4248 2840 4304 111

477 4330 616 4387 Solis
649 4332 806 4403 regia
841 4331 901 4386 in
937 4331 1161 4386 summis
1198 4331 1473 4386 montibus
1512 4332 1803 4387 aedificata
1837 4332 2174 4400 requiescere
2218 4338 2516 4402 putarunt3
2561 4332 2645 4387 ita
2691 4333 2838 4387 enim

479 4433 658 4473 vocem
694 4417 999 4473 Ianiculum
1035 4417 1394 4472 recentiorum
1431 4417 1732 4487 complures
1755 4417 2193 4486 interpretantur
2218 4417 2297 4487 (Ο.
2333 4417 2627 4473 Richter
2669 4418 2844 4487 Topo-

2429 4501 2552 4553 14*
