3576 5085
722 441 849 505 134
1626 436 1930 490 Guilelmus
1966 436 2180 489 Gundel
2975 433 3086 521 [42

720 608 1020 691 petitum.
1111 610 1177 673 Is
1237 613 1468 674 auctor
1526 607 1596 672 in
1643 607 1976 688 Apollonii
2038 608 2290 688 Tyanei
2347 607 2494 673 vita
2556 608 2649 671 IV
2698 609 2780 673 10
2838 611 3087 688 narrat,

717 714 1028 792 quomodo
1077 711 1461 791 Apollonius
1502 710 1822 791 Ephesios
1871 715 2052 790 peste
2098 710 2430 775 liberavit.
2518 709 2723 774 Iussit
2769 710 2943 775 enim
2976 728 3085 775 eos

716 834 937 880 senem
986 816 1307 893 quendam
1363 813 1694 894 lapidibus
1747 814 2042 893 obruere,
2105 815 2274 893 quod
2320 813 2437 894 illi,
2483 818 2829 894 postquam
2878 831 2914 878 e
2958 812 3085 878 ful·

717 936 873 999 gore
896 917 1223 982 oculorum
1249 918 1626 981 daemonem
1652 920 2117 998 cognoverunt,
2148 914 2395 981 fecere:
2423 913 2742 977 διαλιπὼν
2772 912 2842 977 δὲ
2873 911 3090 998 ὀλίγον

718 1016 1040 1082 ἐκέλευσεν
1072 1017 1331 1102 ἀφελεῖν
1360 1019 1508 1094 τοὺς
1531 1018 1779 1093 λίθους,
1813 1017 1921 1080 καὶ
1951 1016 2022 1080 τὸ
2047 1020 2292 1101 θηρίον,
2324 1016 2361 1081 ‘o'
2388 1016 2798 1097 ἀπεκτόνασι,
2831 1028 3085 1099 γνῶναι.

718 1124 1162 1205 γυμνωθέντος
1201 1114 1308 1183 οὖν
1343 1132 1456 1184 τοῦ
1484 1120 1844 1204 βεβλῆσθαι
1885 1118 2217 1196 δοκοῦντος
2263 1119 2297 1182 ὁ
2342 1120 2457 1200 μὲν
2499 1119 2830 1204 ἠφάνιστο,
2876 1121 3088 1183 κύων

719 1223 788 1287 δὲ
830 1222 902 1286 τὸ
962 1223 1075 1305 μὲν
1121 1218 1290 1299 εἶδος
1342 1222 1566 1303 ὅμοιος
1621 1234 1710 1306 τῷ
1773 1221 1844 1286 ἐκ
1887 1223 2243 1305 Μολοττῶν,
2303 1226 2584 1305 μέγεθος
2631 1222 2701 1285 δὲ
2760 1222 2922 1285 κατὰ
2979 1221 3090 1284 τὸν

716 1333 1016 1409 μέγιστον
1060 1327 1283 1389 λέοντα
1323 1328 1837 1408 ξυντετριμμένος
1882 1328 2077 1410 ὤφθη
2123 1324 2250 1389 ὑπὸ
2296 1336 2425 1387 τῶν
2468 1325 2678 1388 λίθων
2722 1325 2832 1388 καὶ
2875 1345 3088 1410 παρα-

719 1432 939 1493 πτύων
983 1428 1202 1513 ἀφρὸν
1248 1431 1469 1514 ὥσπερ
1516 1430 1579 1492 οἱ
1620 1430 1971 1503 λυττῶντες.

889 1534 1132 1598 Postea
1179 1551 1333 1598 vero
1378 1539 1613 1614 gentes
1660 1537 2111 1613 cognoverunt
2156 1532 2407 1597 rabiem
2454 1531 2755 1597 caninam
2802 1534 3089 1613 pendere

719 1655 755 1701 e
786 1636 959 1701 Sirio
991 1635 1344 1701 exoriente.
1436 1635 1578 1699 Non
1613 1635 1810 1699 aliter
1844 1633 2245 1716 cogitatione
2275 1635 2345 1699 id
2393 1634 2734 1714 concipere
2778 1644 3090 1715 poterant

718 1738 949 1820 prisci,
1017 1738 1147 1802 nisi
1214 1744 1288 1801 ut
1353 1738 1586 1802 stellae
1654 1739 2031 1802 daemonem
2100 1737 2170 1801 in
2238 1742 2482 1801 terram
2559 1740 2956 1802 descendere
3021 1741 3090 1801 et

717 1842 1011 1923 singulos
1058 1859 1253 1905 canes
1295 1839 1610 1905 invadere
1656 1839 1782 1905 sibi
1828 1839 2171 1920 fingerent.
2275 1839 2416 1920 Quo
2473 1840 2692 1920 fiebat,
2754 1843 2830 1903 ut
2873 1839 3090 1919 ipsum

715 1944 897 2008 illum
943 1945 1318 2008 daemonem
1365 1945 1486 2008 sub
1530 1942 1747 2024 specie
1796 1942 1980 2007 canis
2024 1941 2244 2007 rabidi
2276 1941 2569 2024 cogitare
2616 1947 3088 2007 assuescerent.

718 2048 939 2126 Atque
977 2046 1170 2111 huius
1211 2045 1393 2110 canis
1440 2044 1744 2126 furorem,
1791 2045 1901 2124 qui
1935 2045 2226 2110 homines
2259 2063 2513 2124 quoque
2547 2044 3085 2125 aggrediebatur,

718 2168 895 2213 more
926 2168 1041 2214 suo
1074 2167 1193 2229 per
1224 2147 1615 2212 sacrificium
1646 2148 1912 2227 placare
1943 2149 2317 2212 studebant.
2384 2147 2611 2226 Neque
2644 2155 2791 2211 erat
2819 2146 3090 2211 difficile

718 2252 961 2315 iustam
1009 2251 1344 2316 victimam
1390 2250 1710 2314 invenire.
1802 2248 2062 2329 Optime
2110 2249 2279 2314 enim
2323 2255 2543 2314 monet
2589 2249 2859 2316 Servius
2892 2252 3089 2332 Verg.

720 2354 957 2434 Georg.
1016 2352 1086 2416 II
1138 2353 1295 2417 380:
1357 2353 1638 2414 victimae
1695 2352 2060 2414 numinibus
2116 2356 2227 2414 aut
2276 2372 2396 2432 per
2443 2351 2919 2415 similitudinem
2977 2357 3090 2415 aut

710 2475 827 2537 per
899 2456 1389 2518 contrarietatem
1456 2456 1880 2518 immolantur.
2000 2459 2223 2534 Atque
2289 2457 2526 2520 stellae
2601 2456 2896 2523 aestivae
2970 2475 3091 2536 per

719 2558 1218 2624 similitudinem
1252 2557 1578 2623 sacrificia
1609 2559 2023 2641 deligebant3
2072 2578 2237 2638 quae
2276 2557 2639 2624 similitudo
2671 2563 2834 2625 adeo
2866 2579 3086 2625 serva-

717 2663 934 2742 batur,
978 2666 1055 2726 ut
1100 2662 1341 2726 rutilae
1388 2661 1518 2726 luci
1575 2662 1820 2726 rutilae
1883 2662 2134 2726 hostiae
2197 2664 2682 2742 responderent.
2787 2663 2928 2727 Iam
2989 2662 3090 2727 in-

717 2764 1108 2847 tellegimuS,
1156 2784 1271 2830 cur
1315 2764 1618 2829 caninam
1666 2765 1945 2845 speciem
1995 2764 2147 2829 huic
2190 2765 2426 2829 stellae
2461 2764 2765 2829 dederint
2794 2763 3089 2830 Romani.

718 2866 945 2947 Neque
992 2870 1163 2948 quod
1206 2867 1587 2932 femininum
1634 2886 1844 2949 genus
1898 2868 2257 2933 masculino
2303 2868 2797 2950 praetulerunt,
2857 2868 3088 2933 mirum

718 2977 837 3036 est.
941 2972 1106 3035 Nam
1164 2970 1442 3035 Romani
1501 2970 1785 3035 furorem
1840 2970 2138 3050 inprimis
2200 2989 2428 3034 canum
2492 2969 2885 3035 feminarum
2947 2988 3089 3035 esse

718 3074 1068 3155 putabant,
1114 3072 1384 3137 adducti
1428 3072 1708 3137 fortasse
1769 3071 1972 3155 rabie,
2032 3092 2159 3152 qua
2220 3072 2402 3137 canis
2462 3074 2601 3137 feta
2662 3073 2916 3137 catulos
2980 3074 3088 3137 de-

718 3175 985 3240 fendere
1031 3175 1214 3238 solet.
1304 3174 1711 3239 Testinionia
1759 3173 2092 3256 congessit
2138 3176 2215 3239 A.
2248 3175 2448 3240 Otto
2490 3173 2615 3238 Die
2648 3174 3092 3255 Sprichwarter

719 3276 834 3339 der
876 3275 1106 3338 Εὔνηον
1148 3295 1207 3356 p.
1256 3277 1354 3341 69.
1445 3275 1696 3358 Quibus
1742 3278 1979 3341 addam
2026 3277 2247 3343 Plaut.
2296 3278 2481 3358 Capt.
2529 3278 2684 3343 485:
2752 3299 2829 3340 ne
2872 3298 3086 3340 canem

720 3377 965 3459 quidem
1008 3380 1326 3441 irritatam
1379 3380 1569 3442 voluit
1621 3381 1949 3460 quis-quam
2007 3381 2337 3443 imitarier.
2441 3380 2766 3445 Romanos
2826 3380 3088 3446 Stellam

723 3482 1023 3546 caninam
1070 3501 1187 3562 pro
1232 3481 1477 3547 femina
1520 3483 1832 3547 habuisse
1878 3482 2009 3547 iam
2057 3501 2139 3547 ex
2171 3502 2244 3548 eo
2293 3491 2587 3564 apparet,
2634 3486 2803 3562 quod
2848 3483 3090 3548 rutilas

722 3603 918 3650 canes
969 3584 1485 3650 immolaverunt.
1574 3584 1704 3665 Qui
1751 3585 1987 3650 stellae
2033 3605 2226 3650 sexus
2271 3605 2399 3650 non
2446 3585 2713 3651 auribus
2772 3585 3089 3667 percipie-

721 3687 933 3770 batur,
973 3687 1088 3752 ubi
1135 3688 1215 3752 de
1262 3706 1422 3751 cane
1468 3687 1938 3767 loquebantur:
1999 3688 2125 3753 hac
2184 3689 2471 3754 fortasse
2528 3708 2601 3753 re
2648 3688 2918 3754 adducti
2978 3691 3089 3753 de-

719 3789 1109 3856 minutivam
1173 3789 1444 3854 formam
1511 3791 1971 3870 praetulerunt
2039 3790 2474 3871 dixeruntque
2535 3791 3090 3876 caniculam.¹)

899 3994 934 4061 ¹)
971 3995 1089 4047 Iam
1142 4011 1173 4047 a
1211 3994 1396 4048 Servio
1434 3996 1600 4064 Verg.
1650 3995 1784 4049 Aen.
1822 3996 1873 4048 X
1910 3995 2012 4047 273
2059 3995 2221 4048 stella
2274 3995 2472 4049 canina
2506 4012 2625 4049 cum
2677 3996 2900 4050 animali
2947 4012 3091 4050 com-

719 4085 948 4148 paratur
984 4087 1039 4133 et
1075 4080 1295 4146 utrique
1331 4086 1531 4135 natura
1579 4081 1747 4150 ignea
1795 4080 2168 4148 adiudicatur,
2219 4097 2357 4148 quae
2406 4097 2602 4148 aquam
2653 4081 2911 4149 refugiat.
2982 4081 3090 4135 Re-

719 4164 1019 4219 centiorum
1055 4165 1113 4219 C.
1142 4164 1201 4220 Ο.
1227 4166 1280 4219 Μ
1296 4166 1396 4219 ἰὶ11
1418 4183 1487 4221 er
1513 4166 1746 4235 (Pi-oley.
1772 4183 1843 4219 zu
1867 4166 2017 4218 einer
2038 4164 2342 4221 wissenscli.
2369 4166 2606 4235 Mythol.
2632 4183 2685 4234 p.
2708 4167 2826 4234 195)
2853 4166 3088 4221 similem

719 4250 868 4305 viam
905 4249 1184 4319 ingressus
1221 4251 1389 4306 dixit:
1437 4252 1563 4304 Das
1604 4252 1760 4315 Tier‚
1808 4250 2026 4304 welches
2079 4250 2165 4304 die
2200 4250 2569 4321 Einwirkuny
2616 4251 2708 4304 des
2753 4250 2940 4317 heisten
2983 4251 3089 4305 Ge-

717 4336 890 4389 stirns
914 4351 1006 4388 am
1031 4335 1257 4389 meisten
1283 4336 1587 4406 empfindet‚
1625 4336 1812 4390 warde
1837 4335 1944 4390 mit
1966 4336 2081 4390 ihm
2106 4336 2269 4391 selbst
2299 4336 2363 4390 in
2386 4336 2689 4391 kindlicher
2711 4336 3094 4406 Anschauuny

719 4420 901 4475 versele
912 4438 957 4474 m
965 4421 1126 4476 οἶτον.
