3576 5085
708 409 832 474 182
1611 403 1916 458 Guilelmus
1954 404 2167 458 Gundel
2965 403 3076 492 [90

701 580 810 644 III
855 580 956 661 27,
1004 580 1102 660 17,
1147 578 1353 657 Epod.
1399 575 1529 641 XV
1577 578 1646 656 73
1692 576 1864 642 Stat.
1909 576 2110 640 Theb.
2157 575 2264 640 III
2295 577 2395 657 27,
2439 576 2543 640 IX
2581 576 2726 659 461,
2772 576 2917 644 silv.
2962 577 3073 643 III

703 684 762 766 2,
810 683 922 761 773
969 679 1311 746 Claudian.
1355 679 1525 744 XXI
1572 679 1717 743 287.

874 784 968 850 Et
1012 781 1211 849 terris
1255 782 1430 846 mala
1469 780 1752 862 auguria
1801 782 2008 846 dabat
2066 780 2240 846 idem
2299 780 2497 863 siduS,
2557 781 2743 846 cuius
2803 780 3070 862 gladius

705 885 1093 970 sanguinem
1142 884 1413 950 sitiebat
1460 885 1816 949 secundum
1860 884 2198 948 Lucanum
2246 884 2281 948 I
2325 884 2482 949 665:

1009 1005 1278 1070 ensiferi
1323 1003 1592 1069 nimium
1639 1003 1855 1084 fulget
1878 1002 1926 1085 ¹)
1970 1003 2147 1067 latus
2195 1002 2471 1069 Orionis,

1010 1107 1307 1173 imminet
1354 1125 1679 1172 armorum
1718 1105 1960 1187 rabieS,
2005 1104 2300 1186 ferrique
2345 1111 2640 1186 potestas

1013 1209 1370 1275 confundet
1414 1209 1518 1274 ius
1566 1227 1751 1274 omne
1799 1227 2012 1290 manu,
2058 1208 2423 1289 scelerique
2466 1209 2751 1274 nefando

1012 1332 1244 1378 nomen
1291 1310 1422 1376 erit
1462 1311 1699 1393 virtuS,
1745 1311 2114 1392 multosque
2159 1310 2371 1377 exibit
2413 1311 2484 1376 in
2531 1329 2736 1376 annos

1014 1415 1122 1480 hic
1166 1414 1366 1479 furor.

878 1553 971 1616 At
1008 1552 1219 1617 minas
1267 1551 1527 1617 Orionis
1588 1568 1754 1631 pace
1800 1549 2064 1615 firmata
2122 1550 2190 1615 in
2236 1550 2590 1615 ludibrium
2649 1550 2825 1617 verti
2885 1569 3076 1632 posse

705 1654 1032 1721 ominatur
1078 1655 1477 1720 Claudianus
1508 1655 1543 1719 I
1572 1655 1687 1717 27:
1737 1657 2060 1718 astrorum
2092 1653 2539 1719 minitantium
2569 1653 2788 1735 fulgor
2819 1652 3076 1719 frustra

708 1757 982 1841 deperit,

1740 1858 1872 1923 iam
1917 1858 2363 1940 caligantibus
2416 1859 2614 1924 armis

1116 1962 1355 2029 debilis
1397 1962 1597 2028 Orion
1644 1964 1945 2028 dextram
1990 1961 2281 2027 minatur
2323 1962 2619 2027 inertem.

878 2102 1017 2167 Iam
1042 2105 1267 2167 nostro
1297 2118 1475 2165 more
1498 2100 1923 2182 perlustratis
1954 2104 2296 2180 poetarum
2329 2098 2744 2181 opinionibus
2774 2100 3075 2166 breviter

708 2224 928 2270 eorum
975 2203 1276 2285 epitheta
1308 2221 1746 2284 congeramus.
1835 2203 1963 2267 Est
1994 2202 2193 2267 Orion
2239 2208 2511 2284 propter
2546 2202 3073 2285 magnitudinem

707 2312 777 2373 et
820 2305 1093 2371 rutilum
1153 2306 1563 2388 splendorem
1622 2324 1857 2368 aureus
1914 2305 2086 2369 Man.
2147 2306 2208 2371 V
2256 2306 2410 2386 7243
2469 2305 2685 2382 clarus
2743 2305 2868 2371 Cir.
2912 2306 3072 2387 5353

698 2409 1081 2493 formidatus
1124 2407 1358 2474 Avien.
1389 2408 1461 2472 II
1490 2409 1647 2488 5843
1691 2409 1912 2487 inqens
1941 2408 2175 2473 Avien.
2211 2408 2285 2472 II
2316 2408 2513 2489 117ος
2560 2428 2831 2491 magmas
2872 2408 3073 2490 Verg.

707 2513 870 2578 Aen.
914 2512 980 2576 X
1027 2511 1183 2592 7633
1229 2512 1433 2574 nitens
1477 2510 1604 2576 Cic.
1637 2510 1829 2576 Arat.
1870 2529 1930 2577 v.
1972 2510 2126 2592 1023
2173 2511 2445 2574 rutilans
2489 2510 2723 2578 Avien.
2766 2509 2839 2575 II
2871 2510 3071 2592 1100;

707 2615 943 2679 rutilas
986 2614 1219 2681 Avien.
1265 2614 1336 2679 II
1380 2615 1525 2696 526,
1570 2614 1713 2696 801,
1774 2615 1960 2679 1316.
2062 2616 2346 2695 Propter
2388 2615 2709 2696 procellas
2772 2619 2841 2679 et
2897 2613 3071 2695 peri-

706 2719 854 2784 cula
900 2737 1070 2799 quae
1112 2717 1460 2782 minitatur
1507 2716 1697 2782 audit
1741 2736 2015 2800 aquosas
2044 2717 2240 2798 Verg.
2271 2718 2429 2783 Aen.
2460 2717 2557 2782 IV
2594 2718 2696 2800 52,
2741 2717 2934 2798 Prop.
2963 2717 3071 2781 III

706 2822 764 2904 8,
811 2822 926 2902 51;
973 2821 1245 2900 infestas
1288 2822 1502 2883 mutis
1547 2820 1704 2884 Hor.
1749 2821 1932 2899 epod.
1978 2820 2107 2886 XV
2139 2821 2209 2900 7;
2256 2821 2473 2883 minax
2513 2819 2659 2885 Sen.
2705 2820 2899 2885 Herc.
2946 2818 3071 2884 fur.

710 2925 821 3005 123
882 2925 1065 3007 niyer
1121 2923 1292 2988 Stat.
1355 2924 1558 2988 Theb.
1620 2923 1723 2987 IX
1782 2924 1940 3003 461;
2001 2921 2319 2985 nimbosas
2362 2922 2558 3004 Verg.
2619 2924 2783 2988 Aen.
2835 2922 2870 2987 I
2913 2923 3073 3005 5353

706 3027 963 3091 nubilus
1006 3026 1344 3091 Claudian.
1388 3025 1559 3089 XXI
1604 3027 1762 3107 2873
1816 3026 2190 3105 procellosus
2231 3025 2420 3090 PLM
2466 3026 2526 3091 V
2571 3046 2631 3107 p.
2678 3027 2759 3090 27
2806 3045 2868 3091 v.
2914 3026 3074 3105 6373

705 3149 921 3192 saevus
951 3130 1148 3211 Verg.
1179 3128 1342 3192 Aen.
1374 3129 1507 3194 VII
1539 3129 1694 3209 7193
1737 3130 1935 3192 tristis
1966 3130 2124 3194 Hor.
2168 3131 2351 3210 epod.
2383 3130 2450 3194 X
2482 3130 2594 3210 10;
2641 3134 2793 3192 trux
2837 3128 3073 3196 Avien.

705 3232 779 3297 II
819 3232 963 3296 249.
1051 3232 1145 3296 Ut
1189 3230 1357 3296 situs
1406 3231 1546 3296 eius
1591 3231 1660 3295 in
1705 3232 1884 3296 caelo
1932 3230 2365 3315 describatur,
2426 3232 2626 3297 semel
2679 3231 2926 3297 dicitur
2966 3231 3073 3295 de-

704 3354 889 3397 vexus
931 3334 1088 3399 Hor.
1134 3353 1327 3399 carm.
1372 3334 1408 3398 I
1437 3335 1538 3416 28,
1584 3335 1684 3417 21,
1730 3335 1932 3400 semel
1972 3354 2216 3415 pronas
2259 3335 2416 3399 Hor.
2460 3354 2655 3400 carm.
2700 3334 2810 3400 III
2839 3337 2939 3417 27,
2974 3335 3075 3401 18.

878 3453 1008 3519 Sed
1067 3456 1152 3519 ad
1209 3454 1469 3520 Lucani
1538 3455 1747 3519 locum
1809 3472 2011 3535 supra
2070 3455 2415 3521 laudatum
2476 3455 2878 3520 redeundum
2950 3461 3074 3520 est.

707 3556 837 3638 Qui
880 3556 916 3620 I
962 3556 1088 3621 639
1114 3575 1252 3637 sqq.
1301 3555 1639 3638 Nigidium
1697 3556 2024 3640 Figulum,
2070 3557 2467 3640 astrologiae
2526 3557 2702 3622 inter
2747 3557 3073 3624 Romanos

707 3659 921 3726 virum
966 3659 1427 3742 doctissimum,
1472 3659 1700 3724 futura
1761 3678 1798 3724 e
1842 3660 2179 3725 stellarum
2231 3659 2539 3726 iunctura
2586 3665 2928 3725 canentem
2973 3660 3073 3727 in-

707 3761 927 3827 ducit.⁴
997 3760 1125 3844 Qui
1171 3761 1525 3827 salutifera
1570 3768 1754 3828 astra
1799 3764 2029 3845 latere,
2092 3766 2165 3827 at
2210 3762 2513 3829 Orionem
2570 3762 2769 3828 nimis
2813 3762 3075 3844 fulgere

707 3864 893 3947 dixit,
940 3883 1063 3945 quo
1093 3864 1271 3930 bella
1311 3865 1591 3930 scelesta
1620 3885 1698 3930 ac
1730 3865 2044 3930 diuturna
2073 3864 2546 3931 indicarentur.
2630 3865 2818 3931 Haec
2857 3866 3076 3947 prima

707 3971 864 4031 sunt
892 3966 1185 4048 vestigia
1228 3967 1393 4033 artis
1425 3967 1805 4033 chaldaicae
1846 3968 1917 4033 in
1963 3966 2103 4032 dies
2133 3969 2309 4049 apud
2350 3969 2673 4034 Romanos
2702 3967 3073 4035 inveteras-

879 4135 918 4205 1)
956 4136 1216 4191 Romanis
1252 4152 1320 4191 ex
1356 4137 1637 4206 splendore
1663 4137 1877 4192 Orionis
1913 4141 2296 4205 tempestatem
2321 4137 2631 4207 praedicere
2655 4154 2941 4194 consuesse
2963 4154 3075 4193 non

706 4221 910 4276 inveni.
1003 4223 1081 4276 At
1132 4222 1217 4276 his
1265 4223 1476 4277 Lucani
1524 4222 1705 4277 verbis
1765 4222 1967 4278 similia
2024 4223 2133 4277 dici
2194 4222 2481 4292 videntur,
2541 4239 2681 4291 quae
2732 4223 2949 4278 scholiis
3003 4225 3076 4278 ad

707 4306 887 4361 Germ.
919 4308 1091 4376 Arat.,
1129 4307 1328 4375 quibus
1363 4309 1496 4362 haec
1532 4307 1780 4362 doctrina
1809 4308 2077 4364 traditur:
2115 4308 2211 4376 qai
2235 4308 2327 4379 (sc.
2354 4308 2535 4378 Orion)
2561 4309 2612 4362 si
2644 4309 2835 4378 fulyet,
2873 4309 3076 4365 sereni-

709 4395 879 4446 tatem
903 4392 1204 4462 portendit,
1240 4392 1292 4447 si
1327 4393 1668 4463 obscuratur,
1709 4396 2082 4463 tempestatem
2106 4394 2301 4448 innuit
2321 4393 2610 4449 imminere
2632 4412 2685 4464 p.
2711 4395 2827 4465 163,
2851 4396 2901 4449 3.
2930 4394 2995 4448 13
3007 4396 3077 4450 Β.
