3576 5085
471 386 619 472 143]
916 384 998 439 De
1035 383 1312 438 stellarum
1353 379 1715 450 appellatione
1751 386 1811 435 et
1846 377 2107 449 religione
2144 380 2386 433 Romano
2700 381 2830 447 235

469 556 821 623 discrimen
865 574 991 621 non
1023 553 1273 620 factum
1304 571 1450 619 esse
1496 572 1537 618 a
1566 552 1803 634 priscis
1833 550 2100 617 Latinis
2130 551 2346 617 elucet
2374 570 2411 617 e
2453 550 2832 634 cognomine

468 660 680 726 latino
738 658 916 723 stella
973 658 1202 720 crinita
1245 656 1286 721 i.
1333 675 1386 722 e.
1447 655 1812 737 comata31)
1872 673 2026 720 nam
2085 673 2229 719 cum
2289 654 2592 736 singulae
2652 654 2833 720 luces

469 762 889 829 cincinnatae
930 778 1203 842 perraro
1235 763 1437 841 atque
1467 762 1617 839 post
1659 758 1927 840 longum
1971 761 2227 839 tempus
2273 760 2659 839 appareant,
2704 774 2834 821 non

467 864 645 930 inter
667 883 739 930 se
763 866 1228 945 comparantur
1253 882 1293 927 a
1314 861 1550 944 populo
1575 865 1775 942 atque
1800 859 2082 928 diversis
2104 859 2475 926 nominibus
2501 863 2835 942 ornantur,

473 969 591 1033 sed
620 985 841 1033 omnes
870 965 1127 1048 pariter
1156 966 1595 1033 observantur
1625 969 1693 1030 et
1721 968 2041 1029 notantur
2070 963 2277 1029 solum
2312 967 2588 1045 propter
2617 962 2834 1028 crines

470 1069 820 1144 terribiles,
869 1087 1028 1150 quos
1074 1068 1436 1134 effundunt.
1527 1065 2067 1149 Philosophorum
2112 1084 2269 1133 vero
2321 1070 2522 1147 atque
2579 1065 2832 1130 mathe-

470 1172 859 1238 maticorum
918 1174 1064 1237 erat
1124 1175 1523 1236 cometarum
1581 1188 1830 1252 genera
1903 1187 2288 1236 enumerare
2347 1173 2548 1249 atque
2606 1168 2835 1234 horum

470 1274 868 1358 sapientium
901 1273 1018 1339 alii
1049 1272 1251 1339 alium
1281 1291 1623 1339 numerum
1654 1273 2090 1338 secernebant
2120 1271 2398 1337 colorem
2422 1271 2471 1354 ²)
2517 1270 2762 1337 crinem
2783 1270 2835 1353 ⁸)
2915 1349 2916 1352 Ἴ

471 1377 744 1443 formam
763 1376 815 1461 4)
840 1381 1236 1443 cometarum
1267 1375 1711 1457 respicientes.
1764 1374 1899 1441 Nos
1922 1376 2042 1440 has
2067 1373 2400 1440 doctrinas
2427 1373 2835 1439 omittamus:

474 1480 822 1562 populares
864 1479 1087 1561 potius
1130 1498 1602 1561 persequamur
1645 1478 1964 1544 notiones

640 1599 1046 1682 Quicumque
1099 1599 1349 1681 primus
1410 1599 1676 1665 stellam
1736 1600 2063 1680 quandam
2121 1596 2395 1682 κομήτην
2449 1596 2839 1679 appellavit,

472 1701 534 1768 is
578 1721 725 1768 mea
770 1703 1031 1784 quidem
1076 1702 1414 1768 sententia
1457 1701 1527 1767 id
1564 1720 1695 1766 non
1738 1720 1858 1781 per
1903 1700 2454 1782 comparationem
2499 1698 2678 1782 fecit,
2723 1699 2840 1765 sed

472 1806 644 1886 quod
687 1805 908 1870 radios
949 1823 1067 1886 pro
1112 1804 1288 1871 veris
1349 1803 1640 1869 crinibus
1687 1803 1938 1868 habuit.
2026 1802 2274 1886 Quodsi
2332 1802 2529 1869 stella
2592 1801 2839 1867 crinem

472 1907 783 1989 habebat,
828 1906 1031 1972 etiam
1077 1911 1279 1988 caput
1321 1906 1619 1989 gerebat,
1663 1906 1726 1972 h.
1770 1925 1824 1972 e.
1882 1924 2122 1971 numen
2180 1910 2327 1971 erat
2384 1903 2633 1971 homini
2692 1922 2838 1985 per-

477 2009 711 2076 simile.
813 2009 942 2075 Sed
999 2013 1078 2074 ut
1135 2010 1354 2075 rarius
1414 2008 1799 2075 oriebantur
1865 2014 2189 2091 cometae,
2249 2027 2488 2075 numen
2543 2007 2841 2091 ignotum

477 2116 641 2195 erat,
674 2114 855 2193 quod
902 2113 983 2177 de
1028 2112 1209 2178 caelo
1239 2118 1513 2194 repente
1542 2111 1825 2178 lucebat.
1916 2112 2020 2177 Ab
2052 2111 2300 2194 ignotis
2330 2115 2553 2178 autem
2584 2128 2843 2192 semper

476 2214 651 2280 mala
694 2218 997 2280 metuunt
1039 2214 1262 2297 ignari
1305 2213 1562 2296 populi:
1624 2214 1856 2296 itaque
1913 2214 2137 2296 fiebat,
2192 2218 2268 2279 ut
2324 2213 2605 2296 primum
2664 2212 2841 2277 mala

479 2317 777 2401 afferri,⁵)
846 2317 1080 2383 deinde
1139 2317 1318 2382 mala
1376 2316 1675 2400 praedici
1733 2336 1774 2382 a
1834 2317 2104 2383 cometis
2160 2315 2551 2401 putarent.⁶)
2655 2315 2843 2399 Quae

651 2487 689 2558 ¹)
726 2488 933 2542 Eadem
970 2492 1055 2544 est
1090 2488 1483 2542 Germanorum
1518 2488 1855 2557 appellatioz-
1881 2487 2247 2544 Strobelsiern
2282 2489 2354 2557 (v.
2391 2488 2460 2544 H.
2498 2487 2842 2542 Gerthius

477 2573 832 2644 Praqerische
871 2573 1363 2643 Cometenprediyt,
1413 2574 1734 2643 Freybergk
1781 2574 1919 2627 1619
1966 2574 2168 2641 aliique
2210 2573 2461 2641 passim),
2520 2574 2841 2628 Haarstern

477 2660 566 2728 (M.
603 2661 653 2714 S.
691 2661 741 2715 S.
778 2660 1111 2728 Vierling
1147 2660 1270 2712 Der
1302 2658 1539 2712 wackere
1576 2658 1710 2713 Stab
1747 2658 1840 2712 des
1874 2659 2083 2727 Herm,
2131 2659 2327 2714 Erfurt
2363 2659 2535 2729 1681),
2587 2658 2845 2726 Schweif-

476 2747 630 2799 stem
665 2745 737 2815 (J.
775 2746 838 2800 G.
875 2746 1056 2800 Bran
1071 2745 1105 2798 d
1149 2743 1465 2811 Vernunfft-
1501 2743 1620 2798 und
1654 2743 2137 2814 schrifftmc’issiyer
2169 2743 2401 2798 Bericht
2431 2760 2536 2798 von
2575 2743 2844 2811 Cometen,

479 2830 741 2900 Marburg
777 2830 947 2899 1680).

650 2915 691 2984 2)
729 2916 887 2971 Color
945 2915 1288 2985 singularum
1337 2915 1651 2983 lampadum
1711 2920 2071 2969 memoratur:
2129 2914 2299 2969 rubor
2357 2915 2475 2970 sine
2532 2914 2652 2969 ulla
2710 2915 2843 2985 luce,

477 3001 684 3056 candor
736 3005 791 3055 et
824 3018 1039 3070 purum
1087 3000 1462 3069 liquidumque
1511 3000 1719 3068 lumen,
1768 2999 2000 3069 flamma
2045 2989 2285 3055 multum
2331 3000 2479 3055 circa
2525 3017 2581 3055 se
2628 3000 2844 3056 volvem

477 3086 688 3153 t‘umidi
710 3086 931 3142 ardoris
953 3087 1094 3156 (Sen.
1113 3088 1238 3142 Nat.
1259 3093 1469 3155 quaest.
1489 3087 1601 3141 VII
1625 3087 1707 3155 17,
1732 3086 1816 3154 3);
1841 3092 2126 3155 praeterea
2148 3087 2580 3142 observabantur
2603 3092 2845 3142 cometae

478 3171 671 3241 pallidi
703 3172 982 3227 hebetiora
1005 3173 1239 3242 flamma,
1277 3172 1509 3242 candidi,
1546 3178 1811 3242 argenteo
1836 3171 1999 3241 crine,
2035 3188 2210 3241 neque
2235 3173 2475 3242 deerant,
2512 3173 2609 3240 qui
2643 3172 2845 3228 electro

475 3256 695 3326 fulgore
729 3256 1015 3327 nituerint,
1053 3275 1105 3313 v.
1141 3259 1282 3313 Plin.
1319 3258 1445 3313 Nat.
1481 3259 1610 3313 hist.
1635 3259 1694 3312 II
1723 3257 1794 3312 89
1807 3275 1952 3327 sqq.;
1990 3257 2141 3314 Serv.
2181 3259 2250 3313 ad
2274 3259 2439 3328 Verg.
2477 3259 2612 3313 Aen.
2648 3259 2702 3312 X
2724 3258 2843 3313 272.

656 3341 697 3410 ³)
733 3342 992 3410 Inprimis
1051 3344 1384 3411 quaerebant
1438 3349 1604 3412 atque
1652 3343 1948 3412 notabant,
1998 3359 2161 3411 quam
2196 3343 2256 3398 in
2303 3343 2581 3411 regionem
2618 3360 2648 3399 e
2682 3343 2845 3398 stella

482 3427 726 3482 niterent
760 3426 919 3496 radii,
945 3444 996 3483 v.
1022 3427 1292 3496 Senecam,
1329 3428 1586 3497 Plinium,
1629 3429 1881 3484 Servium
1918 3428 2047 3483 locis
2083 3428 2237 3483 modo
2261 3428 2465 3483 citatis.

646 3512 689 3581 ⁴)
727 3512 971 3580 Speciem
1005 3513 1182 3582 ipsam
1228 3513 1439 3568 variam
1474 3514 1713 3583 produnt
1762 3514 2070 3583 scriptores,
2152 3515 2354 3568 Seneca
2401 3514 2537 3568 haec
2583 3519 2845 3582 quattuor

475 3613 679 3667 genera
714 3604 999 3653 enumerat
1034 3599 1178 3669 (Nat.
1217 3605 1427 3668 quaest.
1464 3600 1495 3654 I
1532 3599 1612 3669 15,
1649 3599 1730 3669 4):
1772 3599 2065 3670 poqom‘ae,
2104 3599 2385 3669 lampades
2420 3602 2474 3654 et
2505 3599 2846 3670 cypanssiae

475 3686 530 3737 et
561 3682 677 3738 alia
711 3683 903 3740 omnia
948 3701 1181 3752 quorum
1226 3684 1372 3754 ignis
1415 3684 1480 3738 in
1526 3685 1685 3740 exitu
1731 3702 1961 3754 sparsus
2010 3689 2104 3742 est.
2188 3686 2394 3754 Quibus
2441 3686 2599 3741 addit
2632 3686 2845 3742 Plinius

481 3766 767 3838 Xiphiam,
803 3769 1083 3840 Disceum,
1107 3770 1386 3839 Pitheum,
1425 3770 1721 3841 Ceratiam,
1753 3771 2052 3841 Hippemn,
2094 3771 2428 3841 Typhonem.
2497 3771 2666 3827 Stoici
2700 3771 2848 3828 dixe·

476 3862 610 3910 runt
643 3871 759 3926 esse
795 3861 1032 3911 cometas
1066 3857 1191 3924 plus
1226 3857 1400 3926 XXX,
1437 3873 1491 3912 v.
1526 3856 1718 3912 Isidor.
1755 3858 1891 3926 orig.
1928 3858 2019 3911 111
2055 3857 2139 3927 70,
2177 3857 2259 3925 16,
2296 3858 2445 3913 Serv.
2482 3858 2519 3912 1.
2554 3858 2592 3913 1.

645 3942 689 4010 ⁶)
725 3942 841 3996 Hoc
876 3947 1107 4010 apparet
1142 3958 1210 3997 ex
1243 3941 1465 4012 ingenti
1498 3942 1594 3998 illo
1630 3947 1852 4013 terrore,
1904 3958 2010 4011 quo
2056 3943 2313 3998 mortales
2346 3943 2730 4012 percutiuntur
2764 3959 2849 3998 co-

477 4031 626 4081 meta
649 4027 831 4082 subito
854 4027 1119 4096 elucente,
1152 4045 1204 4084 v.
1227 4029 1388 4083 Mart.
1414 4028 1525 4083 VH
1552 4029 1635 4097 92,
1661 4028 1696 4082 9
1730 4028 1913 4083 subito
1944 4028 2053 4096 fias
2075 4029 2143 4082 ut
2163 4027 2342 4083 sidere
2361 4031 2565 4096 mutus,
2600 4029 2681 4083 XI
2703 4028 2787 4098 85,
2816 4029 2844 4081 1

486 4111 663 4166 sidere
688 4115 1010 4182 percussast
1040 4112 1223 4167 subito
1259 4107 1376 4181 tibi,
1412 4112 1582 4177 Zoile‚
1621 4112 1832 4184 linqua.

647 4197 691 4266 θ)
728 4199 897 4265 Verg.
933 4200 1067 4254 Aen.
1104 4199 1158 4252 X
1203 4198 1307 4252 273
1354 4197 1580 4268 luyubre
1623 4199 1841 4270 rubent,
1890 4200 2033 4256 Plin.
2080 4201 2140 4254 11
2174 4200 2243 4254 92
2293 4200 2595 4268 terrificum
2640 4215 2849 4269 maqna

480 4299 549 4337 ex
575 4285 742 4363 parte
775 4282 930 4338 sidus
965 4287 1128 4353 atque
1160 4300 1274 4340 non
1311 4282 1500 4338 leviter
1525 4283 1769 4355 piatum,
1807 4286 2091 4343 claudian.
2126 4286 2375 4341 XXXIII
2408 4286 2511 4340 232
2546 4283 2848 4355 auyurium

483 4367 702 4424 latwrus
735 4367 1007 4438 iniquum.
2514 4412 2520 4417 -
