3576 5085
684 445 808 511 118
1588 443 1892 498 Guilelmus
1929 442 2144 497 Gundel
2940 439 3052 527 [26

685 616 877 681 Hanc
935 615 1282 697 vulgarem
1350 613 1749 695 opinionem,
1822 611 1985 677 licet
2040 611 2347 693 primitus
2421 613 2530 678 vel
2588 610 2887 677 Romana
2947 612 3057 678 vel

685 717 945 785 Graeca
988 717 1098 783 vel
1142 720 1566 797 utrorumque
1630 714 1867 796 fuerit,
1925 720 2155 796 postea
2200 713 2590 780 Latinorum
2649 718 2886 796 poetae
2945 733 3054 780 ex-

686 820 1044 888 coluerunt.
1131 817 1475 899 Exemplis
1505 836 1708 899 supra
1738 816 1962 884 allatis
1992 818 2227 883 addam
2260 816 2547 883 Statium
2576 815 2736 883 Silv.
2780 816 2852 883 H
2881 818 2940 897 6,
2973 818 3056 882 79

685 928 757 989 et
800 922 1230 988 Claudianum
1274 921 1540 986 XXXV
1588 921 1728 998 121,
1776 920 1890 1001 qui
1928 918 2225 986 Luciferi
2268 924 2581 983 rorantem
2643 937 2876 1000 equum
2943 938 3055 985 no-

683 1029 946 1093 verunt.

857 1144 988 1212 Sed
1046 1146 1390 1210 redeamus
1451 1144 1538 1209 ad
1595 1142 1879 1223 Vesperi
1941 1146 2008 1207 et
2069 1140 2364 1207 Luciferi
2429 1141 2730 1208 nitorem.
2832 1142 3056 1208 Astris

685 1266 896 1331 genus
943 1246 1377 1312 masculinum
1429 1244 1716 1311 inditum
1780 1244 1986 1310 fuisse
2043 1246 2232 1310 modo
2292 1243 2606 1311 diximus:
2666 1244 2800 1310 iam
2859 1244 3055 1310 mira-

684 1350 903 1417 bimur
933 1350 1114 1417 viros
1144 1351 1458 1430 quosdam
1490 1347 1861 1429 appellatos
1892 1347 2099 1413 fuisse
2136 1347 2501 1429 Vesperum
2546 1347 2655 1416 vel
2686 1348 3055 1429 Hesperum

687 1455 913 1535 (supra
989 1472 1049 1534 p.
1104 1451 1242 1535 12),
1315 1449 1700 1516 Luciferum
1766 1450 1877 1516 vel
1949 1450 2398 1531 Phosphorum
2473 1450 2701 1535 (supra
2773 1471 2836 1534 p.
2901 1451 3057 1532 19)·?

685 1556 766 1621 In
825 1555 928 1621 his
988 1553 1225 1620 dandis
1279 1552 1786 1636 cognominibus,
1846 1551 1987 1620 sive
2031 1552 2417 1620 inventores
2478 1554 2621 1620 sive
2686 1552 3057 1619 imitatores

685 1657 958 1725 fuerunt
1018 1655 1328 1739 Romani,
1395 1655 1611 1722 simile
1679 1654 2023 1722 consilium
2104 1661 2284 1721 certe
2350 1656 2564 1722 secuti
2631 1660 2789 1722 sunt
2855 1662 3058 1737 atque

686 1760 944 1842 Graeci,
990 1759 1107 1842 qui
1152 1778 1286 1826 una
1324 1776 1469 1824 cum
1508 1757 1957 1840 appellatione
1987 1757 2545 1839 pulchritudinem
2590 1758 2730 1826 suis
2759 1758 3059 1826 tribuere

689 1864 1062 1945 cupiebant.
1185 1862 1328 1927 Hoc
1412 1862 1796 1927 concludam
1878 1879 1961 1927 ex
2037 1879 2234 1929 versu
2314 1861 2546 1927 Iliadis
2625 1861 2835 1927 XXII
2900 1862 3058 1928 318:

674 1964 1015 2050 Ἕσπερος,
1069 1964 1141 2041 ὃς
1181 1962 1516 2040 κάλλιστος
1559 1958 1626 2026 ἐν
1671 1961 1919 2048 οὐρανῷ
1958 1960 2213 2027 ἵσταται
2257 1961 2469 2050 ἀστήρ.
2575 1964 2687 2030 Ita
2746 1965 3059 2046 splendor

688 2068 1016 2135 hominum
1062 2068 1481 2149 pulchrorum
1511 2086 1553 2132 a
1582 2066 1897 2134 Romanis
1928 2086 2184 2148 quoque
2216 2072 2638 2148 comparatur
2666 2086 2808 2133 cum
2841 2066 3059 2133 nitore

686 2169 1072 2252 Phosphori,
1118 2169 1236 2236 Ov.
1283 2170 1443 2235 Met.
1488 2169 1559 2234 II
1605 2170 1763 2234 722:

1000 2293 1250 2370 quanto
1295 2287 1698 2371 splendidior
1741 2307 1937 2369 quam
1985 2292 2213 2354 cetera
2267 2288 2490 2355 sidera
2534 2288 2751 2372 fulget

997 2390 1251 2472 lucifer,
1298 2395 1367 2456 et
1411 2395 1661 2472 quanto
1705 2395 1793 2472 te,
1838 2390 2127 2470 Lucifer,
2174 2410 2378 2457 aurea
2421 2392 2714 2458 Phoebe:

1003 2497 1191 2560 tanto
1238 2492 1611 2577 virginibus
1657 2493 2111 2575 praestantior
2155 2494 2453 2562 omnibus
2496 2495 2726 2562 Herse.

860 2630 1283 2697 Notissimum
1344 2631 1548 2697 etiam
1610 2636 1714 2697 est
1759 2633 1932 2712 quod
1976 2631 2277 2697 Platonis
2337 2632 2595 2699 nomine
2653 2633 2869 2698 fertur
2929 2633 3057 2714 epi-

690 2752 990 2816 gramma
1032 2734 1236 2800 Anth.
1280 2733 1415 2800 VII
1458 2734 1617 2800 670:

997 2868 1192 2957 ἀστὴρ
1237 2871 1393 2956 πρὶν
1432 2871 1550 2953 μὲν
1593 2868 1883 2953 ἔλαμπες
1927 2866 2017 2935 ἐνὶ
2062 2870 2325 2956 ζῳοῖσιν
2372 2871 2579 2955 Ἑῷος,

999 2984 1104 3038 νῦν
1148 2972 1220 3037 δὲ
1263 2975 1486 3037 θανὼν
1525 2973 1811 3055 λάμπεις
1839 2972 2161 3059 Ἕσπερος
2205 2972 2270 3037 ἐν
2313 2976 2736 3060 φθιμένοις.1)

861 3111 1120 3178 Similia
1195 3110 1709 3192 pulchritudinis
1774 3112 2101 3179 humanae
2175 3130 2316 3177 cum
2392 3110 2705 3178 Lucifero
2780 3111 3060 3178 collatae

688 3213 1075 3280 testimonia
1116 3215 1462 3295 leguntur:
1498 3214 1648 3281 Sen.
1677 3215 1944 3296 Apocol.
1974 3215 2072 3282 IV
2103 3215 2219 3296 253
2266 3214 2492 3281 Claud.
2522 3215 2655 3281 VII
2687 3216 2843 3296 1313
2874 3215 3061 3282 Paul.

691 3315 751 3381 N
753 3316 923 3381 olan.
972 3334 1169 3381 carm.
1212 3315 1384 3381 XIX
1424 3318 1568 3383 219.
1656 3317 1832 3399 Quin
1879 3318 2082 3383 etiam
2126 3317 2390 3399 pulchri
2432 3317 2626 3383 flores
2668 3317 2847 3385 inter
2904 3317 3059 3384 reli-

689 3436 852 3500 quos
883 3422 1220 3498 tamquam
1264 3418 1504 3485 lucifer
1541 3418 1862 3486 eminent:
1915 3419 2250 3486 Tiberian.
2272 3420 2308 3485 I
2341 3421 2382 3486 8
2414 3420 2624 3500 (PLM
2647 3420 2755 3486 III
2783 3440 2842 3502 p.
2874 3422 3060 3505 264);

691 3519 879 3586 PLM
907 3519 1005 3585 IV
1033 3539 1094 3602 p.
1116 3522 1264 3603 421,
1301 3540 1402 3587 no.
1434 3521 1578 3604 520,
1608 3522 1666 3587 5.
1740 3522 1870 3588 Sed
1899 3521 2029 3588 iam
2064 3523 2151 3587 ad
2186 3521 2456 3589 Homeri
2496 3522 2683 3588 illum
2719 3523 2930 3589 locum
2957 3542 3061 3589 re-

692 3628 1051 3690 vertamur.
1109 3623 1320 3705 Quem
1348 3642 1613 3689 versum
1646 3642 1793 3690 cum
1827 3624 2202 3691 accuratius
2232 3629 2625 3707 spectamuS,
2656 3625 3059 3692 Graecorum

691 3722 1270 3811 ἀνθρωπομορφίᾳ
1311 3725 1510 3792 facile
1569 3745 1714 3793 esse
1760 3727 2006 3794 factum
2060 3727 2526 3810 intellegimuS,
2571 3732 2649 3793 ut
2693 3728 3063 3808 Hesperum

686 3828 1035 3910 pulchrum
1075 3828 1381 3898 iuvenem
1413 3848 1559 3896 esse
1597 3830 1815 3897 animo
1859 3829 1988 3896 sibi
2032 3829 2376 3913 fingerent.
2442 3830 2550 3895 Ex
2585 3829 2713 3895 hac
2741 3828 3063 3913 opinione,

690 3930 809 3997 ubi
866 3931 1067 3998 semel
1130 3937 1283 3998 ent
1334 3939 1647 4016 accepta,
1703 3934 2084 4001 necessario
2151 3934 2585 4016 sequebatur,
2651 3938 2728 3999 ut
2791 3933 3062 4000 luminis

691 4034 1100 4117 splendorem
1146 4054 1183 4100 e
1226 4034 1374 4102 face
1419 4038 1702 4117 quadam
1745 4035 1911 4101 oriri
1953 4040 2291 4120 putarent,
2331 4054 2505 4118 quae
2525 4037 2618 4104 ab
2659 4036 2778 4102 illo
2817 4036 3062 4112 imme

691 4141 1099 4218 quateretur.
1187 4138 1329 4220 Quo
1373 4138 1467 4219 fit,
1512 4143 1590 4205 ut
1629 4139 1698 4205 in
1732 4138 2030 4205 Graecae
2076 4138 2245 4205 artis
2288 4140 2727 4207 monumentis
2769 4139 3066 4224 fingatur

865 4342 907 4411 ¹)
940 4341 1008 4396 In
1027 4340 1263 4396 latinum
1281 4357 1602 4397 conversum
1621 4341 1834 4411 legitur
1851 4344 2055 4398 Auson.
2075 4342 2247 4413 epigr.
2272 4343 2371 4397 144
2394 4360 2446 4411 p.
2466 4342 2570 4396 425
2583 4343 2642 4397 P.
2661 4363 2674 4411 3
2698 4342 2765 4397 cf.
2785 4344 2831 4397 B
2845 4359 2875 4398 ο
2889 4359 2917 4399 e
2933 4360 2961 4397 c
2976 4344 3012 4397 k
3026 4344 3063 4398 h

690 4430 758 4483 P.
783 4429 846 4483 L.
887 4427 982 4482 Gr.
1020 4427 1080 4481 H
1114 4443 1166 4495 p.
1190 4427 1310 4482 304.
