3576 5085
716 367 843 432 214
1618 364 1922 420 Guilelmus
1958 365 2171 420 Gundel
2923 365 3094 454 [122

886 537 1069 602 Aevo
1143 535 1479 618 sequiora,
1552 534 1657 600 cui
1729 535 1961 601 stellas
2021 541 2091 601 et
2155 538 2309 601 deos
2367 535 2438 601 in
2512 536 2694 603 caelo
2775 536 3090 603 habitare

714 638 904 704 firma
944 643 1049 704 est
1093 637 1345 720 religio,
1389 637 1647 704 omniuo
1693 642 1840 704 arte
1884 638 2061 704 iuter
2105 657 2174 704 se
2219 639 2709 721 coniunguntur
2748 639 2971 721 superi
3012 645 3092 706 et

713 741 956 824 sidera,
1013 740 1112 806 ita
1155 746 1233 806 ut
1290 740 1553 821 saepius
1598 741 1834 807 stellae
1877 745 2207 822 ponantur
2265 760 2383 822 pro
2428 741 2752 808 domicilio
2813 744 3090 808 deorum

717 843 910 928 (Stat.
954 842 1112 909 Silv.
1157 843 1218 907 V
1270 845 1323 925 1,
1373 844 1497 909 102
1542 863 1662 906 non
1707 845 1902 926 plura
1947 846 2197 906 nuntiat
2241 844 2492 908 excelsis
2548 844 2676 908 ales
2720 845 3093 929 Teyeaticus

714 949 927 1028 astris3
985 947 1082 1011 IV
1127 948 1185 1029 6,
1217 947 1300 1012 53
1357 947 1622 1010 emissus
1679 948 1751 1009 in
1809 953 2012 1027 astra3
2070 947 2167 1010 IV
2209 949 2266 1028 2,
2314 947 2396 1012 10
2441 946 2659 1010 mediis
2700 947 2911 1011 videor
2951 946 3089 1011 dis-

719 1049 998 1113 cumbere
1053 1052 1125 1112 in
1175 1051 1361 1112 astris
1399 1049 1408 1133 Ι
1447 1070 1586 1113 cum
1630 1048 1771 1112 Iove
1815 1054 1872 1112 et
1915 1048 2117 1112 Iliaca
2153 1055 2507 1132 porrectum
2537 1070 2775 1114 sumere
2814 1050 2822 1136 Ι
2860 1050 3090 1114 dextra

715 1152 1063 1216 immortale
1107 1151 1442 1235 n>zerm¹z).¹)

887 1254 1021 1320 Ubi
1059 1254 1167 1319 dei
1225 1253 1295 1318 in
1342 1255 1495 1319 aula
1554 1253 1734 1319 [ovis
1796 1257 2167 1336 versantur,
2230 1258 2416 1320 astra
2476 1254 2772 1321 divinum
2829 1257 3090 1337 pondus

718 1356 1017 1423 sentiunt
1061 1355 1181 1439 (sic
1211 1355 1512 1421 Catullus
1549 1356 1775 1421 LXVI
1807 1357 1890 1421 69
1936 1356 2407 1422 Callimachum
2428 1357 2477 1441 εξ)
2523 1364 2789 1423 secutus
2834 1376 3087 1424 comam

719 1458 1075 1525 Berenices
1121 1458 1449 1523 dicentem
1492 1458 1683 1524 facit:
1734 1479 1830 1521 me
1873 1466 2047 1521 nocte
2082 1465 2379 1540 premunt
2429 1462 2695 1541 vestiyia‘
2723 1459 2977 1546 divum),
3027 1461 3092 1526 Si

716 1562 788 1628 in
824 1567 1074 1627 terram
1106 1560 1206 1626 illi
1242 1562 1663 1643 descendunt,
1708 1562 1872 1627 haec
1901 1563 2154 1651 pondus
2186 1580 2374 1627 suum
2403 1562 2748 1643 requirunt
2791 1563 3091 1647 (Petron.

721 1667 846 1730 124
893 1684 951 1731 v.
997 1665 1154 1729 264:
1206 1666 1386 1727 sentit
1431 1670 1596 1727 terra
1641 1664 1784 1728 deos
1828 1669 2193 1749 mutataque
2235 1664 2445 1729 sidera
2500 1666 2754 1748 pondus
2791 1668 2801 1749 Ι
2841 1666 3090 1749 quaesi-

718 1789 854 1832 vere
903 1767 1135 1851 suum).

888 1869 1034 1936 Iovi
1091 1870 1287 1933 satori
1340 1876 1652 1932 astrorum
1711 1869 1905 1953 (Stat.
1967 1869 2168 1935 Theb.
2227 1870 2334 1934 111
2377 1870 2528 1954 218)
2586 1869 2907 1950 imprimis
2965 1870 3091 1936 im-

719 1973 974 2054 perium
1034 1972 1105 2037 in
1151 1972 1382 2037 stellas
1427 1990 1799 2038 concessum
1860 1975 1964 2037 est
2024 1971 2197 2056 (Seu.
2240 1973 2437 2037 Herc.
2497 1972 2623 2038 fur.
2666 1972 2827 2053 4593
2889 1973 3091 2054 Apul.

717 2079 871 2141 met.
915 2076 1012 2140 VI
1058 2075 1172 2154 223
1217 2074 1393 2158 FPR
1436 2092 1589 2156 pag.
1633 2074 1776 2156 357,
1826 2076 1895 2156 7;
1944 2073 2283 2140 Claudian.
2328 2075 2630 2141 XXXVI
2675 2076 2803 2158 66).
2891 2075 3090 2142 Unde

718 2178 952 2243 stellae
999 2176 1253 2243 servire
1298 2175 1607 2241 dicuntur
1649 2176 1842 2259 (Stat.
1865 2176 2047 2247 silv.
2091 2177 2201 2241 III
2231 2178 2289 2260 3,
2319 2178 2405 2243 54
2448 2180 2636 2241 servit
2672 2182 2727 2241 et
2770 2184 3093 2241 astrorum

721 2280 890 2344 velox
918 2278 1169 2359 chora83
1216 2276 1558 2343 Claudian.
1589 2278 1714 2342 XL
1746 2278 1833 2343 35
1874 2278 2053 2342 illias
2090 2286 2423 2362 exspectent
2462 2280 2850 2360 famulantia
2878 2280 3092 2343 sidera

721 2380 987 2464 nutum).
1084 2379 1258 2462 Quin
1317 2368 1521 2445 etiam
1581 2380 1909 2445 dominum
1970 2399 2157 2446 suum
2218 2400 2654 2463 expavescere
2715 2381 3091 2448 didicerunt

722 2485 1074 2549 secundum
1120 2482 1428 2565 Statium,
1472 2482 1585 2564 qui
1622 2487 1699 2549 ut
1728 2483 1997 2550 Homeri
2027 2484 2429 2551 notissimum
2463 2485 2674 2552 locum
2705 2485 3091 2553 imitaretur

722 2585 895 2651 dixit
939 2588 1020 2652 de
1064 2587 1222 2653 Iove
1269 2587 1471 2652 Theb.
1517 2587 1650 2652 VII
1694 2589 1767 2652 3:

1030 2706 1504 2788 Concussitque
1548 2712 1762 2791 caput,
1809 2713 1987 2773 motu
2031 2726 2156 2788 quo
2203 2708 2381 2773 celsa
2425 2710 2734 2774 laborant

1030 2810 1327 2895 sidera.³)
2526 2822 2531 2826 “

720 2948 901 3014 Bene
933 2946 1217 3013 concinit
1247 2965 1392 3012 cum
1422 2945 1525 3012 his
1556 2946 2078 3011 Christianorum
2100 2945 2151 3031 ⁴)
2182 2965 2435 3026 quoque
2458 2945 2694 3029 poesis,
2725 2966 2789 3013 v.
2819 2966 3088 3012 carmen

725 3052 810 3116 ad
845 3050 1153 3117 Flavium
1199 3048 1490 3114 Felicem
1536 3051 1617 3114 de
1661 3047 2143 3114 resurrectione
2190 3054 2585 3115 mortuorum
2632 3048 2828 3134 (corp.
2858 3049 3086 3131 script.

723 3152 878 3218 eccl.
921 3153 1034 3218 lat.
1078 3151 1187 3217 ΙΙΙ
1229 3152 1270 3217 3
1314 3170 1465 3233 pag.
1514 3151 1666 3235 314)
1712 3170 1773 3217 v.
1820 3151 1978 3218 351:

898 3324 937 3392 ¹)
974 3323 1186 3377 Addam
1221 3321 1382 3377 Mart.
1418 3324 1471 3377 V
1504 3320 1589 3389 65,
1627 3322 1656 3373 1
1705 3321 1883 3391 (astra
1921 3323 2218 3392 polumque
2254 3322 2440 3377 dedit.
2469 3364 2480 3375 .
2509 3365 2521 3376 .
2557 3320 2823 3392 Alcidae),
2859 3323 2940 3375 IX
2967 3321 3085 3390 101,

718 3409 790 3462 22
838 3409 1013 3478 (astra
1057 3409 1174 3462 suis
1221 3407 1418 3478 dedit),
1470 3409 1604 3462 XIV
1641 3408 1758 3473 124,
1794 3409 1828 3461 2
1872 3409 2091 3479 (mayno
2138 3408 2234 3477 qui
2280 3408 2432 3463 dedit
2476 3410 2633 3462 astra
2669 3407 2876 3477 patri),
2932 3407 3089 3461 Com-

684 3494 955 3548 'modian.
1004 3510 1167 3548 carm.
1214 3494 1353 3562 apol.
1404 3493 1504 3546 100
1550 3494 1727 3562 (Corp.
1763 3494 1949 3562 script.
1985 3495 2112 3549 eccl.
2160 3495 2259 3549 lat.
2312 3494 2417 3549 XV
2461 3492 2673 3561 fulmen
2727 3492 2971 3548 iactatur
3017 3492 3088 3548 ab

721 3578 930 3647 astris).
967 3609 1035 3618 -—
1069 3579 1273 3634 Eodem
1308 3579 1463 3632 modo
1498 3579 1704 3646 posteri
1737 3585 2009 3647 usurpant
2043 3579 2376 3634 adiectivum
2411 3578 2658 3633 sidereus
2691 3595 2788 3647 pro
2825 3578 3085 3647 caelestis,

722 3677 777 3720 v.
802 3664 981 3719 Sedul.
1005 3681 1169 3718 carm.
1196 3664 1285 3718 ΠΙ
1309 3664 1436 3718 291;
1462 3663 1668 3718 sidereo
1687 3680 1821 3719 sono
1842 3708 1855 3721 .
1877 3706 1889 3718 .
1908 3663 2090 3735 aien83
2114 3666 2194 3719 IV
2213 3664 2340 3719 114:
2365 3664 2606 3719 sidereae
2628 3680 2855 3732 manus3
2879 3665 2932 3720 V
2954 3665 3085 3718 432:

721 3749 1064 3817 sidereasque
1085 3749 1232 3818 vias;
1257 3749 1446 3803 Pasch.
1472 3765 1556 3818 op.
1582 3750 1663 3804 IV
1680 3750 1775 3805 22:
1802 3749 2072 3804 sidereum
2097 3748 2418 3818 imperium3
2444 3751 2497 3806 V
2519 3750 2615 3805 38:
2642 3766 2824 3803 arcem
2847 3748 3088 3803 sidereae

723 3835 1138 3890 dominationis.

898 3920 941 3990 2)
975 3921 1467 3976 Alexandrinorum
1514 3918 1841 3990 sapientiam
1890 3922 2094 3977 Aratus
2143 3937 2360 3990 quoque
2408 3921 2591 3991 prodit
2637 3923 2831 3991 phaen.
2867 3921 2971 3976 359
3018 3921 3085 3976 de

728 4006 993 4062 Eridano:
1029 4007 1179 4058 θεῶν
1212 4010 1314 4058 ὑπὸ
1349 4011 1538 4058 ποσσὶν
1574 4020 1839 4078 φορεῖται.

899 4091 939 4161 ³)
976 4094 1042 4147 V.
1080 4092 1361 4147 Claudian.
1398 4093 1638 4147 XXXVI
1673 4092 1769 4147 66:
1808 4091 1959 4147 dixit
1991 4095 2043 4147 et
2076 4092 2346 4148 horrendo
2383 4091 2660 4148 concussit
2691 4090 2879 4146 sidera
2915 4094 3085 4146 motu.

894 4179 939 4246 ⁴)
976 4178 1082 4246 Qui
1117 4176 1321 4233 Christi
1349 4178 1511 4233 fidem
1536 4179 1920 4248 sequebantur,
1959 4179 2150 4234 dicunt
2172 4178 2460 4248 praecipue
2492 4178 2682 4233 stellas
2707 4178 2933 4247 angelos
2968 4177 3083 4245 dei;

722 4262 812 4318 hic
846 4279 1029 4319 omnes
1063 4262 1371 4318 nominibus
1407 4270 1567 4318 vocat
1602 4279 1807 4331 eaeque
1841 4266 2072 4320 creatori
2109 4281 2206 4320 suo
2242 4264 2504 4332 serviunt,
2541 4279 2595 4319 v.
2631 4263 2852 4318 Filastr.
2889 4263 3088 4318 divers.

723 4348 888 4418 haer„
914 4349 1068 4418 Corp.
1106 4348 1290 4417 script.
1316 4348 1500 4404 eccles.
1525 4348 1622 4403 lat.
1649 4350 1951 4405 XXXVIII
1975 4367 2027 4419 p.
2054 4349 2137 4419 61,
2163 4360 2279 4418 cap.
2306 4350 2434 4419 1033
2470 4348 2698 4404 Riccioli
2720 4348 2811 4404 1.1.
2837 4348 2867 4402 I
2888 4365 2941 4418 p.
2966 4347 3090 4404 393.
