3576 5085
627 341 758 407 196
1536 338 1840 394 Guilelmus
1875 339 2091 395 Gundel
2836 342 3001 429 [104.

627 510 1008 578 Nitzschius
1050 510 1120 576 in
1151 512 1299 576 adn.
1330 512 1413 576 ad
1449 510 1636 576 Hom.
1675 509 1792 576 Od.
1829 510 1883 575 V
1907 511 2051 576 272.
2108 510 2346 592 Itaque
2375 512 2626 575 suculae
2657 512 3006 581 conferen-

631 616 761 681 dae
790 618 943 681 sunt
968 631 1112 679 cum
1143 612 1443 695 canicula,
1475 631 1644 693 quae
1675 614 1908 678 eadem
1938 612 2217 678 bestiola
2245 617 2366 696 est,
2397 616 2466 680 et
2496 633 2643 680 cum
2673 615 3012 684 trionibus

629 716 926 799 plaustro
970 715 1230 799 iugulis,
1277 734 1443 796 quae
1486 715 1647 781 item
1692 716 1776 781 ab
1823 715 2135 797 agricolis
2180 723 2334 781 sunt
2377 717 2773 798 appellatae.

805 818 1054 883 Sidus
1111 817 1644 882 Parilicium:
1704 817 1900 883 huius
1974 818 2439 901 appellationis
2499 818 2732 886 unicus
2801 821 3007 888 testis

631 925 734 989 est
775 920 1034 987 Plinius
1090 921 1242 987 Nat.
1283 920 1463 987 Hist.
1507 919 1746 986 XVIII
1791 922 1949 1010 247:
2010 919 2399 1004 (sucularum
2446 922 2648 1007 sidus)
2691 930 2782 987 est
2819 925 3009 1006 vulqa

632 1024 1013 1105 appellatum
1072 1024 1247 1088 sidus
1290 1023 1666 1087 Parilicium
1688 1071 1704 1104 ,
1761 1024 2058 1107 quoniam
2102 1022 2222 1087 XI
2253 1023 2526 1090 Kalend.
2569 1024 2781 1089 Maias
2825 1026 3010 1091 urbis·

631 1127 869 1191 Romae
927 1127 1163 1190 natalis
1233 1125 1491 1190 habetur
1549 1145 1669 1209 quo
1731 1125 1866 1205 fere
1922 1128 2214 1190 serenitas
2272 1126 2592 1210 redditur,
2658 1128 3010 1193 claritatem

632 1229 1038 1293 observationi
1092 1228 1276 1295 dedit.
1362 1228 1560 1294 Vocis
1611 1227 1932 1309 originem
1992 1232 2063 1294 et
2123 1247 2388 1294 causam
2446 1228 2704 1296 Plinius
2773 1230 3011 1313 affert;

633 1331 817 1398 sidus
863 1333 947 1397 ab
993 1349 1068 1396 eo
1114 1330 1595 1413 appellabatur,
1649 1332 1824 1411 quod
1866 1330 2185 1396 Parilium
2244 1330 2604 1398 laetissimo
2663 1338 3014 1413 pastorum:¹

636 1434 747 1500 die
791 1433 1147 1499 oriebatur.
1235 1432 1446 1514 Quam
1476 1433 1617 1499 late
1653 1436 1875 1498 autem
1920 1438 1989 1499 et
2031 1435 2119 1499 ad
2161 1436 2420 1515 tempus
2465 1439 2535 1500 et
2578 1436 2665 1500 ad
2707 1435 3011 1502 homines
3043 1491 3044 1494 ,

633 1536 830 1602 huius
891 1536 1068 1602 vocis
1125 1553 1280 1601 usus
1336 1534 1861 1618 percrebruerit,
1919 1536 2120 1618 plane
2177 1536 2502 1603 nescimus
2556 1556 2773 1619 neque
2833 1537 3010 1604 certi

636 1638 797 1720 quid
841 1638 1230 1705 concludere
1285 1637 1444 1703 licet
1501 1657 1585 1703 ex
1636 1655 1712 1702 eo
1757 1639 1929 1718 quod
1995 1640 2191 1704 schol.
2251 1638 2468 1706 Germ.
2525 1659 2587 1721 p.
2632 1641 2778 1724 205,
2821 1641 2861 1706 2
2921 1642 3013 1707 (16

636 1741 881 1807 suculis
926 1740 1218 1806 dicatur:
1264 1740 1431 1824 quod
1455 1741 1638 1821 vulqo
1667 1740 2023 1821 appellatur
2059 1741 2239 1805 sidus
2266 1740 2659 1826 Parilicium,
2706 1744 3008 1826 quoniam

635 1843 745 1908 XI
787 1842 940 1908 Kal.
982 1843 1132 1907 Mai
1174 1843 1348 1907 urbis
1390 1842 1628 1907 Romae
1668 1843 1904 1907 natalis
1944 1842 2217 1927 habetur,
2276 1862 2421 1910 cum
2487 1844 2609 1911 hoc
2655 1864 2737 1911 ex
2780 1844 3011 1912 Plinio

637 1949 1047 2028 desumptum
1093 1964 1236 2012 esse
1280 1946 1415 2011 sole
1459 1945 1703 2012 clarius
1748 1946 1857 2011 sit.

810 2048 1167 2132 Hyades,
1212 2068 1349 2111 -um
1390 2048 1571 2115 fem:
1618 2047 2099 2132 cognominatio
2146 2068 2188 2114 a
2232 2048 2506 2115 Graecis
2549 2049 2783 2131 petita,
2827 2052 3009 2116 unde

639 2158 711 2218 et
757 2151 1181 2218 accusativus
1226 2169 1504 2234 graecus
1547 2151 1815 2233 Hyadas
1856 2150 2104 2234 legitur
2148 2169 2209 2217 V.
2248 2170 2298 2216 c.
2345 2151 2461 2218 Ov.
2491 2152 2674 2218 Fast.
2717 2152 2828 2218 III
2861 2152 3008 2235 105,

639 2256 699 2320 V
746 2255 888 2336 166,
932 2253 1034 2319 VI-
1075 2254 1218 2336 197,
1263 2252 1438 2319 trist.
1481 2254 1517 2319 I
1563 2256 1662 2336 11,
1709 2257 1822 2335 16;
1868 2254 2066 2335 Verg.
2113 2255 2275 2320 Aen.
2318 2255 2355 2319 I
2401 2257 2556 2336 7443
2603 2255 2762 2320 Hor.
2808 2274 3012 2321 carm.

638 2357 674 2422 I
717 2359 775 2440 3,
823 2357 935 2436 14;
995 2355 1142 2421 Sen.
1201 2356 1372 2421 Med.
1416 2356 1561 2439 312,
1616 2356 1894 2440 Thyest.
1949 2357 2107 2438 8533
2169 2356 2415 2422 Ausou.
2475 2357 2715 2423 XVIII
2762 2358 2862 2441 13,
2921 2359 3013 2423 24

640 2479 700 2540 p.
742 2460 871 2523 244
885 2459 959 2523 Ρ.
1047 2456 1423 2539 Singularis
1467 2456 1677 2524 forma
1719 2457 1905 2541 Hyas
1961 2477 2090 2525 non
2134 2458 2266 2524 nisi
2310 2478 2583 2541 perraro
2647 2460 3014 2526 adhibetur

640 2561 958 2644 imprimis
1021 2563 1106 2627 ab
1154 2560 1388 2630 Ovidio
1438 2561 1509 2627 in
1552 2562 1907 2628 Fastorum
1950 2562 1991 2628 l.
2041 2562 2115 2645 V,
2174 2562 2288 2629 ubi
2331 2562 2641 2646 Hyadum
2700 2563 3012 2630 fabulosa

642 2663 824 2747 origo
868 2652 1218 2746 narratum
1273 2668 1815 2730 commemoratur
1867 2683 1908 2731 a
1951 2669 2147 2747 poeta
2189 2663 2374 2747 Hyas
2417 2664 2683 2745 quidam
2729 2665 2817 2743 (v.
2864 2666 3012 2749 170,

645 2766 813 2853 182),
860 2786 902 2833 a
950 2786 1076 2848 quo
1121 2767 1394 2850 Hyades
1438 2785 1672 2834 nomen
1717 2767 2047 2850 duxerint,
2092 2766 2280 2833 cuius
2324 2767 2680 2849 genetivus
2723 2767 3016 2850 Hyantis

647 2873 752 2936 est
789 2869 877 2955 (v.
910 2871 1077 2955 734),
1121 2871 1543 2938 accusativus
1575 2869 1774 2952 Hyan
1803 2888 1867 2938 v.
1900 2871 2041 2936 179.
2129 2868 2473 2936 Feminino
2503 2889 2746 2952 genere
2776 2871 3013 2937 collec-

644 2974 787 3040 tive
832 2972 995 3039 dicit
1039 2973 1209 3039 Stat.
1255 2973 1416 3039 silv.
1463 2973 1500 3037 I
1543 2974 1602 3055 6,
1642 2973 1723 3038 21
1769 2971 1958 3055 Hyas
1998 2974 2303 3038 inserena.

818 3075 1115 3142 Graecae
1157 3074 1338 3141 vocis
1381 3074 1504 3141 ubi·
1542 3079 1806 3157 etymon
1851 3075 2114 3159 lateret,
2159 3075 2348 3142 vario
2392 3077 2579 3141 modo
2623 3079 3014 3142 statuerunt

645 3177 773 3261 ipsi
817 3183 1109 3258 veteres;
1152 3177 1451 3259 plerique
1495 3196 1640 3244 cum
1686 3176 1921 3246 Ovidio
1964 3176 2223 3244 faciunt
2265 3178 2448 3244 Fast.
2493 3177 2555 3243 V
2601 3179 2759 3245 166:

953 3278 1202 3347 Navita
1246 3298 1411 3361 quas
1453 3280 1733 3364 Hyadas
1779 3280 2025 3347 Graius
2069 3281 2155 3347 ab
2197 3280 2408 3346 imbre
2451 3285 2666 3349 vocat.

817 3401 1103 3482 Quorum
1146 3401 1214 3466 111
1259 3419 1526 3466 numero
1571 3403 1729 3466 sunt
1787 3400 1916 3467 Cic.
1976 3401 2058 3467 de
2101 3403 2239 3466 nat.
2285 3402 2458 3467 deor.
2501 3401 2574 3466 II
2623 3402 2779 3482 1113
2838 3399 3014 3475 Plin.

646 3501 718 3567 II
751 3502 893 3584 110,
937 3501 1176 3568 XVIII
1206 3504 1331 3567 247
1362 3501 1554 3588 alii.¹)
1644 3501 1952 3571 Ovidium
1989 3507 2338 3584 praeterea
2381 3504 2466 3569 ab
2499 3503 2770 3586 Hyante
2813 3503 3013 3569 heroe

647 3603 946 3671 fabuloso
992 3622 1211 3669 eorum
1242 3604 1748 3686 appellationem
1779 3603 2118 3672 derivasse
2164 3607 2349 3671 modo
2394 3605 2691 3689 diximuS,
2738 3623 3010 3686 quocum

650 3706 978 3773 consentit
1021 3706 1327 3789 Hyginus
1374 3711 1616 3774 astron.
1659 3706 1734 3774 Il
1761 3709 1844 3773 21
1890 3727 1951 3789 p.
1979 3708 2064 3774 63
2086 3708 2145 3774 B
2176 3713 2244 3774 et
2274 3707 2672 3774 Claudianus
2702 3707 3015 3774 XXVIII

652 3810 794 3893 172,
838 3807 951 3889 qui
995 3827 1108 3875 eas
1149 3829 1487 3891 qermanas
1530 3809 1692 3876 dicit
1735 3809 2031 3894 vestigia
2073 3809 2306 3877 fratris
2347 3810 2774 3896 servantes&

826 3977 868 4047 ¹)
903 3978 1286 4033 Recentiorum
1343 3979 1443 4035 hoc
1489 3979 1852 4049 veriloquium
1896 3979 2131 4048 probant
2177 3980 2291 4035 Th.
2339 3980 2557 4036 Benfe
2567 3997 2606 4049 y
2641 3980 2676 4034 l.
2713 3980 2751 4034 1.
2786 3996 2828 4035 s,
2864 3995 2917 4035 v.
2953 3985 3016 4036 et
3127 3955 3134 3962 ¹

649 4063 1180 4134 Engelmannus
1229 4065 1375 4133 apud
1421 4065 1843 4121 Roscherum
1889 4065 1930 4120 l.
1972 4081 2044 4136 s.,
2092 4064 2332 4121 reiciunt
2375 4067 2856 4121 Buttmannus
2900 4064 3012 4122 1.1.

649 4167 702 4219 p.
738 4150 808 4204 20
859 4154 918 4205 et
961 4150 1008 4204 B
1023 4156 1484 4219 aumgartner
1526 4151 1566 4206 1.
1599 4151 1638 4207 1.
1671 4168 1726 4220 p.
1772 4150 1858 4220 20,
1904 4155 2187 4207 monentes
2238 4157 2420 4207 ortum
2465 4151 2722 4220 Hyadum
2768 4156 3018 4220 tem-pore

650 4250 838 4291 sereno
873 4234 992 4290 fieri
1027 4251 1210 4290 mense
1244 4235 1403 4301 Maio.
1437 4236 1534 4291 diu
1566 4240 1693 4305 post
1726 4235 1946 4306 pluvias
1980 4251 2193 4293 vernae.

826 4320 869 4390 2)
905 4336 958 4376 v.
995 4320 1312 4376 Pettium
1346 4320 1408 4376 in
1441 4320 1784 4390 ephemeride
1818 4321 2085 4378 Kuhnii
2119 4322 2200 4378 VI
2233 4339 2285 4391 p.
2323 4321 2442 4376 280.
