3576 5085
709 417 844 487 206·
1132 431 1136 435 ·
1606 410 1910 466 Guilelmus
1946 410 2162 465 Gundel
2918 406 3085 496 [114

880 585 975 651 Et
1018 583 1358 651 Iuvenalis
1403 581 1730 649 exclamat
1773 581 1943 647 VIII
1985 581 2110 646 149
2125 599 2252 660 sq.:

1545 701 1662 766 sed
1697 700 1860 766 luna
1902 700 2106 783 videt,
2152 700 2270 764 sed
2315 698 2537 764 sidera
2581 702 2788 763 testes

1121 806 1478 871 intendunt
1520 802 1816 887 oculoS.¹)

883 925 1132 991 Similis
1178 922 1517 1007 cogitandi
1561 923 1734 988 ratio
1781 922 2026 1004 subest,
2071 920 2188 987 ubi
2231 920 2409 986 radii
2453 919 2798 985 stellarum
2856 918 3084 985 crines

708 1029 1154 1112 appellantur.
1253 1027 1461 1106 quue
1534 1023 1856 1106 imprimis
1915 1022 2234 1088 maiorum
2306 1022 2589 1087 siderum
2664 1020 2877 1090 radiis
2950 1040 3086 1087 usu

711 1132 913 1213 venit,
959 1132 1160 1196 solem
1204 1129 1347 1194 dico
1369 1128 1421 1212 ²)
1474 1132 1544 1194 et
1587 1124 2012 1209 luciferum.⁸)
2117 1124 2247 1191 Sed
2308 1124 2512 1190 etiam
2568 1124 2640 1189 in
2692 1123 3084 1191 universum

711 1234 1050 1300 stellarum
1083 1250 1306 1298 comae
1329 1232 1700 1311 laudantur,
1729 1248 1793 1295 v.
1817 1226 2155 1294 Claudian.
2184 1227 2314 1292 XV
2344 1228 2472 1292 496
2504 1226 2582 1310 (et
2610 1231 2865 1290 contusa
2892 1245 3086 1307 vayos

711 1336 1070 1399 iaculentur
1109 1334 1318 1397 sidera
1363 1331 1605 1416 crines),
1663 1333 1931 1397 Iuvenc.
1977 1330 2237 1413 Evang.
2279 1330 2377 1395 IV
2424 1329 2546 1395 151
2595 1328 3092 1412 (iynicomaeque

711 1442 895 1501 ruent
936 1436 1189 1518 stellae),
1232 1436 1541 1500 Dracont.
1590 1453 1783 1499 carm.
1827 1432 2082 1514 profan.
2126 1433 2194 1497 X
2223 1434 2351 1498 432
2396 1432 2608 1515 (PLM
2639 1432 2700 1498 V
2737 1450 2888 1514 pag.
2916 1432 3088 1497 208.-

711 1540 990 1604 crinibus
1046 1546 1221 1603 astra
1277 1538 1535 1622 iynitis).
1636 1538 1874 1603 Notum
1945 1540 2048 1603 est
2114 1538 2287 1602 hanc
2349 1535 2750 1602 sententiam
2808 1554 3080 1601 causam

709 1642 916 1709 fuisse
948 1640 1331 1724 appellandi
1356 1640 1575 1706 sidera
1597 1640 1930 1706 radiorum
1955 1639 2186 1705 caudis
2211 1638 2519 1720 praedita
2545 1638 2773 1704 stellas
2798 1637 3090 1704 crinitas

713 1750 782 1811 et
824 1744 1255 1811 cincinnatas,
1344 1745 1444 1809 De
1483 1743 1722 1824 quibus
1749 1742 1931 1808 infra
1968 1742 2037 1807 in
2082 1742 2191 1829 §3
2234 1741 2422 1807 nobis
2454 1741 2583 1806 erit
2626 1740 2840 1807 fusius
2871 1740 3089 1807 disse-

710 1850 1004 1915 rendum.

885 1949 1014 2016 Sed
1071 1950 1418 2014 redeamus
1479 1948 1567 2012 ad
1624 1946 1993 2027 opinionem
2067 1945 2252 2010 illam
2319 1944 2551 2009 stellas
2625 1943 3002 2025 corporibus
3026 1945 3089 2029 ⁴)

714 2060 1047 2133 tamquam
1092 2051 1383 2117 homines
1426 2049 1767 2130 praeditas
1813 2066 1974 2114 esse.
2061 2046 2448 2113 Necessario
2484 2043 2639 2111 inde
2673 2047 3087 2126 sequebatur

716 2155 808 2221 ali
837 2156 960 2220 hoc
990 2172 1222 2234 corpus
1253 2158 1571 2233 oportere.
1650 2150 1860 2233 Quam
1893 2151 2273 2232 popularem
2304 2148 2839 2230 superstitionem
2870 2149 3090 2215 Grae·

714 2276 934 2323 corum
976 2254 1349 2336 philosophi
1394 2252 1863 2334 sapientiorem
1906 2252 2354 2334 reddiderunt,
2402 2253 2554 2316 dum
2602 2251 2695 2316 ali
2738 2251 3077 2317 stellarum
3175 2311 3178 2312 γ
3291 2259 3297 2263 “

713 2378 843 2425 non
905 2376 1178 2438 corpora
1235 2357 1349 2422 sed
1407 2355 1703 2421 flammas
1763 2355 2177 2439 edicerent.⁶)
2280 2354 2456 2437 Quos
2516 2359 2782 2420 secutus
2825 2354 3078 2420 Seneca

712 2459 1047 2544 professus
1092 2463 1195 2524 est
1239 2458 1391 2523 Nat.
1452 2462 1705 2538 quaest.
1749 2458 1847 2523 VI
1896 2460 1994 2540 16,
2040 2459 2112 2522 2:
2177 2476 2380 2520 omnes
2422 2456 2537 2519 hae
2577 2457 2786 2520 stellae
2830 2507 2845 2522 .
2888 2507 2905 2522 .
2963 2456 3083 2520 ali-

714 2569 985 2627 mentum
1038 2582 1112 2627 ex
1167 2569 1338 2625 terra
1382 2560 1643 2624 trahunt
1701 2567 1756 2626 et
1808 2564 1970 2625 inter
2026 2581 2090 2624 se
2143 2562 2544 2643 partiuntur,
2607 2580 2712 2624 nec
2769 2561 2899 2624 ullo
2954 2560 3092 2624 alio·

893 2767 932 2834 ¹)
970 2767 1121 2835 Quod
1156 2772 1375 2836 praeter
1408 2767 1594 2820 lunam
1632 2766 1799 2820 etiam
1834 2767 1903 2827 de
1937 2766 2049 2820 sole
2084 2765 2300 2833 dicitur,
2339 2765 2499 2833 Apul.
2536 2764 2666 2819 Met.
2702 2765 2762 2818 ΙΙ
2795 2765 2879 2834 22,
2916 2765 3004 2819 111
3029 2765 3092 2834 7„

715 2869 768 2908 v.
804 2854 871 2909 U.
907 2854 1099 2923 Kopp
1152 2852 1546 2921 Palaeograph.
1592 2852 1715 2906 crit.
1762 2852 1853 2906 III
1887 2851 2005 2905 679.
2087 2851 2471 2904 Recentiorum
2521 2849 2744 2919 plurimi
2790 2851 2857 2904 de
2903 2849 3096 2905 stellis

717 2940 1072 2994 humanorum
1096 2939 1363 2993 factorum
1388 2937 1621 2992 testibus
1645 2940 1894 3005 egerunt,
1921 2952 2146 3004 quorum
2172 2935 2389 2989 nomino
2414 2935 2483 2988 H.
2509 2935 2818 3006 Ritters,
2856 2937 2923 2990 de
2957 2952 3085 2990 con-

715 3025 1102 3079 formationum
1137 3040 1240 3078 usu
1277 3023 1589 3090 AeschyleO,
1625 3021 1846 3089 Lipsiae
1885 3021 2017 3074 1882
2053 3037 2181 3089 pag.
2208 3020 2303 3089 103
2341 3021 2615 3075 Arnold
2650 3021 2898 3076 Hirzel
2934 3021 3084 3075 Zeit-

715 3108 917 3177 schrift
947 3108 1047 3177 fiir
1093 3106 1620 3177 Volkerpsycholoyie
1653 3106 1769 3160 und
1801 3104 2394 3175 Sprachwisscnschaft
2428 3106 2565 3160 1889
2600 3123 2728 3176 pag.
2758 3107 2887 3175 352;
2926 3107 2983 3161 C.
3021 3108 3081 3162 C.

716 3197 863 3250 Hen
876 3211 902 3248 s
916 3211 946 3248 e
980 3193 1261 3248 Poetischc
1296 3192 1753 3259 Personification
1786 3192 1851 3246 in
1893 3191 2262 3262 yriechischen
2295 3191 2651 3261 Dichtunyen
2686 3193 2715 3245 Ι
2749 3192 2909 3246 Halle
2946 3192 3088 3247 1868

716 3296 842 3349 pag.
880 3279 1070 3347 25sq.;
1103 3279 1169 3333 E.
1192 3279 1255 3333 B.
1293 3278 1506 3346 Tylor
1530 3277 1626 3336 1.,1.
1652 3277 1758 3331 vol.
1783 3278 1813 3330 Ι
1836 3277 2094 3345 344sqq.;
2135 3277 2220 3331 W.
2247 3276 2607 3330 Schwartz
2641 3276 3096 3345 Diepoctischen..

717 3365 1334 3433 Naturanschauunyen
1358 3364 1454 3416 cler
1483 3362 1765 3431 Griechen,
1802 3362 2009 3416 Rb’mer
2030 3361 2147 3415 und
2169 3361 2485 3415 Deutschen
2509 3362 2573 3416 in
2596 3361 2748 3416 ihrer
2770 3361 3098 3433 Bcziehwnq·

717 3468 822 3504 zur
855 3449 1192 3519 Mytholoyie
1226 3451 1255 3504 I
1289 3449 1476 3503 Berlin
1514 3449 1647 3502 1864
1682 3465 1811 3517 pag.
1849 3449 1967 3501 145.
2007 3447 2123 3501 152.

736 3575 739 3579 «
893 3537 935 3603 2)
971 3535 1077 3588 Hic
1112 3540 1197 3588 est
1232 3534 1561 3588 Graecorum
1596 3531 1741 3597 ἥλιος
1773 3536 2118 3602 χρυσοκόμας,
2169 3533 2235 3586 de
2282 3548 2388 3600 quo
2437 3532 2559 3602 agit
2607 3533 2671 3586 A.
2707 3532 3094 3589 Dietericlr

719 3619 934 3688 chyia
958 3636 1082 3688 pag.
1107 3618 1176 3672 39
1200 3618 1324 3672 adn.
1349 3619 1399 3685 3,
1438 3621 1502 3672 A.
1529 3619 1697 3671 Hirz
1712 3618 1773 3671 el
1798 3616 1833 3671 l.
1860 3634 1900 3673 s.
1925 3635 2053 3687 pag.
2077 3617 2196 3673 349.
2245 3618 2403 3672 Unde
2428 3618 2592 3672 Silius
2619 3618 2845 3672 Italicus
2868 3619 3099 3673 locutus.

722 3710 807 3760 est
830 3706 896 3758 de
921 3704 1191 3773 criniycro
1221 3703 1418 3757 Titane
1440 3704 1588 3771 XIV,
1613 3703 1740 3771 5853
1777 3720 1829 3757 v.
1855 3703 2022 3758 etiam
2047 3703 2168 3757 Sen.
2193 3704 2354 3757 Herc.
2381 3703 2499 3758 Oet.
2526 3703 2644 3772 727,
2670 3703 2954 3759 claudian.
2979 3705 3008 3757 Ι
3031 3705 3098 3759 3..

898 3788 939 3858 ⁸)
975 3790 1115 3846 Vide
1150 3806 1315 3857 supra
1352 3805 1476 3857 pag.
1515 3789 1598 3844 15.

893 3876 938 3944 ⁴)
976 3875 1233 3929 Cruorem
1281 3878 1502 3929 auctore
1551 3892 1715 3944 maga
1768 3875 1836 3929 de
1882 3874 2060 3930 stellis
2110 3874 2350 3928 stillasse
2386 3873 2615 3929 Ovidius
2652 3890 2817 3928 amor.
2865 3875 2896 3928 I
2928 3874 2979 3944 8,
3015 3874 3083 3928 11

721 3969 929 4029 narrat,
966 3960 1173 4027 poetico
1209 3976 1357 4014 more
1391 3966 1707 4027 portentum
1743 3960 1924 4014 dirum
1960 3959 2138 4028 pluvii
2188 3959 2479 4028 sanguinei
2515 3959 2904 4027 explicaturus.
2973 3960 3096 4027 Rer-

723 4062 855 4101 vera
889 4061 1012 4099 eum
1048 4046 1331 4099 stellarum
1367 4045 1572 4113 corpori
1607 4045 1932 4113 sanguinem
1967 4044 2284 4100 attribuisse
2319 4061 2427 4098 non
2461 4044 2787 4112 putaverim.

894 4130 936 4200 ⁶)
974 4131 1041 4184 V.
1088 4131 1152 4184 Ε.
1208 4130 1440 4184 Zeller
1487 4129 1834 4198 Philosophia
1881 4129 1976 4184 der
2028 4129 2297 4184 Gricchen
2343 4130 2434 4185 III
2483 4130 2513 4182 1
2566 4147 2618 4199 p.
2665 4130 2795 4198 2943
2843 4130 3101 4185 Bouche--

724 4218 975 4283 Leclercq
1010 4216 1047 4269 1.
1083 4215 1119 4270 1.
1155 4231 1283 4285 pag.
1308 4215 1375 4268 ’75
1411 4216 1533 4270 adn.
1562 4217 1607 4269 1.
1677 4216 2043 4270 Romanorum
2079 4216 2209 4270 locis
2244 4216 2302 4269 in
2339 4215 2459 4284 ipsa
2481 4216 2580 4269 illa
2602 4215 2809 4284 pagina
2843 4214 3087 4270 laudatis

725 4302 921 4356 addam
958 4301 1124 4356 Cicer.
1162 4302 1229 4354 de
1263 4307 1378 4355 nat.
1415 4301 1557 4354 deor.
1593 4300 1684 4355 III
1704 4300 1788 4369 37,
1825 4301 1884 4355 Π
1917 4301 2138 4370 40-46,
2192 4301 2415 4356 Tuscul.
2452 4301 2481 4354 1
2517 4301 2602 4370 43,
2639 4302 2841 4356 Lucan.
2877 4301 2929 4355 X
2964 4301 3104 4371 258„

611 4415 616 4419 ·
725 4387 856 4442 Rut.
893 4386 1049 4440 Nam.
1085 4387 1115 4441 I
1150 4386 1267 4439 644.
