3576 5085
526 440 680 530 157]
975 441 1058 495 De
1093 439 1376 495 stellarum
1413 437 1774 506 appellatione
1813 442 1869 491 et
1904 436 2167 507 religione
2203 435 2445 491 Romana
2761 393 2888 502 249
2955 517 2960 522 Φ

1500 653 1910 722 Addenda

691 817 829 885 Pag.
866 815 932 869 51
969 817 1092 871 adn.
1131 816 1179 869 1.
1250 815 1358 872 Pro
1393 813 1491 868 ubi
1526 815 1681 882 legas
1717 812 1882 867 unde.

693 884 832 954 Pag.
867 885 951 939 52.
1035 884 1258 939 Saeculo
1318 884 1482 937 XVII
1535 883 1844 950 appellatur
1890 882 2086 936 Bootes
2134 880 2639 950 Hamaaeophylaae‚
2707 883 2888 935 custos

521 969 791 1008 curruum
818 952 1250 1020 Sekirrmeister,
1289 968 1340 1006 v.
1367 952 1431 1004 Ε.
1464 951 1779 1006 Schmidt
1814 950 2158 1004 Prodromus
2193 949 2602 1003 coniunctionis
2636 965 2885 1018 maynae,

518 1022 894 1091 Wittemberg
932 1021 1094 1088 16193
1145 1035 1550 1087 nonnumquam
1598 1019 1799 1073 dicitnr
1856 1016 2194 1085 Vociferans,
2244 1019 2386 1085 quod
2426 1034 2620 1072 nomen
2655 1017 2886 1072 fortasse

519 1090 1123 1213 ffigffffiffsatgghgffid
1136 1087 2727 1226 ssagffiezssdigglssgdci’ss{Ztepggpffimijff·t’igemnglYgffalt
2736 1087 2887 1209 dglfnli

519 1226 911 1295 Danaam-ium,
949 1226 1289 1280 Plorautem.
1420 1199 1432 1225 ’
2255 1196 2267 1223 ⁹

693 1296 831 1364 Pag.
868 1296 937 1348 54
973 1311 1024 1350 v.
1061 1295 1144 1348 29.
1216 1295 1322 1348 Pro
1359 1309 1462 1361 quo
1497 1293 1652 1360 legas
1688 1291 1902 1359 quibus.

690 1364 827 1432 Pag.
851 1363 947 1417 88.
1006 1363 1226 1417 'Nomen
1261 1361 1451 1415 Incola
1486 1377 1752 1427 nusquam
1805 1359 2135 1428 explicatum
2187 1359 2387 1415 inveni.
2459 1361 2714 1414 Fortasse
2751 1375 2885 1414 ansa

521 1432 786 1498 quaedam
821 1432 974 1486 nobis
1011 1433 1174 1485 datur
1209 1430 1294 1485 his
1330 1432 1380 1485 J.
1412 1429 1781 1484 Bartschii
1819 1429 2013 1498 verbis,
2053 1445 2192 1496 quae
2228 1429 2262 1482 l.
2289 1429 2324 1482 1.
2349 1445 2477 1497 pag.
2502 1430 2569 1481 81
2606 1429 2869 1496 leguntur

521 1500 653 1554 licet
685 1500 774 1553 hic
808 1517 915 1554 non
951 1501 1018 1554 de
1043 1499 1253 1569 Orione,
1289 1499 1385 1576 sed
1409 1500 1476 1553 de
1502 1499 1669 1552 Boote
1693 1498 1976 1565 loquatur:
2014 1497 2078 1550 in
2102 1497 2303 1550 dextra
2338 1497 2578 1566 baculus,
2615 1496 2711 1563 qui
2745 1472 2888 1564 quod

519 1568 651 1622 olim
674 1571 813 1622 essct
835 1568 897 1621 in
925 1568 1137 1637 Colur0,
1163 1567 1444 1621 Arabzbus
1477 1566 1815 1620 Iukalurus:
1849 1566 1981 1620 aliis
2005 1567 2175 1634 clava,
2212 1563 2509 1636 καλαῦροψ,
2545 1564 2885 1634 κολόοροβος,

522 1636 861 1691 Golorrobus.
933 1637 1089 1691 Unde
1114 1637 1371 1690 coniciam
1396 1635 1585 1689 Incola
1615 1651 1722 1688 non
1747 1651 1865 1689 esse
1889 1635 2150 1689 Latinum
2177 1634 2418 1703 verbum,
2450 1636 2542 1689 sed
2571 1611 2879 1702 Arabicum,

522 1707 667 1772 quod
702 1705 1025 1759 scholiastae
1059 1705 1144 1758 illi
1179 1711 1513 1771 receperunt.

688 1774 827 1842 Pag.
880 1774 980 1825 114
1028 1790 1080 1826 v.
1131 1772 1210 1826 15.
1293 1773 1586 1826 Stellarum
1636 1770 1900 1823 alimenta
1946 1770 2202 1824 dicuntur
2255 1785 2362 1823 non
2423 1771 2594 1823 solum
2656 1785 2885 1837 vapores

519 1848 826 1910 terrestres,
877 1842 971 1894 sed
1017 1840 1284 1907 imprimis
1332 1855 1596 1906 aquarum
1644 1839 1870 1892 halituS.
1920 1838 2030 1892 Cic.
2081 1839 2147 1890 de
2193 1842 2306 1891 nat.
2356 1838 2498 1892 deor.
2536 1839 2626 1892 III
2660 1839 2755 1892 37:
2804 1838 2886 1891 ali

517 1912 702 1963 autem
726 1910 907 1976 solem,
946 1909 1153 1977 lunam,
1190 1908 1404 1975 reliqua
1433 1910 1589 1961 astra
1619 1906 1796 1973 aquia,
1835 1906 1952 1959 alia
1974 1904 2238 1974 dulcibuS,
2276 1905 2391 1958 alia
2417 1906 2672 1962 marinis,
2744 1907 2884 1961 Plin.

517 1977 643 2032 Nat.
682 1977 811 2031 hist.
837 1978 896 2030 II
922 1977 1051 2030 223:
1088 1977 1181 2029 sed
1218 1976 1280 2029 in
1305 1975 1553 2028 dulcibus
1588 1974 1748 2042 aquis
1786 1974 1948 2027 lunae
1979 1975 2304 2027 alimentum
2329 1990 2440 2027 esse
2491 1975 2639 2028 sicut
2671 1974 2734 2028 iu
2769 1992 2885 2027 ma-

518 2044 664 2099 rinis
686 2046 834 2099 solis.
882 2045 1011 2099 Alia
1035 2044 1350 2099 testimonia
1375 2045 1636 2112 leguntur
1677 2042 1875 2097 collata
1900 2043 1966 2096 ab
2005 2044 2069 2096 A.
2097 2043 2407 2096 Bouche·
2425 2018 2467 2095 fa
2484 2044 2583 2098 ecl
2600 2060 2760 2110 ercq
2785 2044 2820 2096 1.
2846 2044 2882 2097 1.

688 2115 823 2182 Pag.
875 2113 988 2166 132.
1061 2115 1143 2167 De
1191 2112 1554 2167 catasterismi
1613 2112 1825 2166 ratione
1874 2111 1971 2165 alii
2030 2111 2194 2165 aliam
2260 2112 2501 2178 produnt
2560 2111 2882 2179 opinionem.

516 2182 632 2236 Alii
652 2183 795 2236 enim
821 2182 1011 2235 dicunt
1034 2197 1226 2248 corpus
1251 2182 1494 2250 mortale,
1532 2180 1676 2234 sieut
1707 2187 1807 2249 est,
1847 2181 1914 2233 ad
1937 2179 2114 2232 sidera
2149 2180 2270 2233 tolli
2295 2185 2674 2247 mortuumque
2698 2182 2881 2234 eodem

516 2266 736 2318 corpore
772 2249 977 2304 versari
1013 2249 1167 2303 inter
1187 2250 1376 2304 stellas
1402 2266 1506 2316 quo
1530 2258 1651 2303 erat
1674 2248 1732 2301 in
1756 2248 1934 2302 terriS.
2004 2248 2126 2301 Huc
2162 2248 2334 2302 refero
2365 2264 2504 2315 quae
2529 2248 2885 2303 Germanicus

515 2319 581 2372 de
618 2320 869 2388 Augusto
901 2319 990 2386 (ef.
1013 2318 1160 2372 Suet.
1186 2319 1331 2387 Aug.
1359 2318 1479 2382 100)
1516 2321 1573 2371 et
1604 2318 1860 2371 Valerius
1884 2316 2112 2370 Flaccus
2136 2317 2201 2369 de
2225 2316 2558 2384 Vespasiano
2582 2317 2881 2385 proferunt.

516 2387 721 2442 Eadem
771 2386 1048 2441 sententia
1096 2386 1275 2440 elucet
1323 2402 1391 2439 ex
1438 2385 1666 2439 aliorum
1713 2391 1997 2452 poetarum
2046 2385 2374 2439 enuntiatis:
2423 2402 2499 2439 au
2544 2384 2642 2438 sub
2691 2402 2886 2440 occasu

518 2455 697 2524 tepido
732 2454 932 2508 nitebis
967 2457 1060 2521 (se.
1096 2455 1372 2524 Hercules,
1424 2454 1544 2507 Sen.
1582 2454 1740 2508 Herc.
1792 2452 1909 2508 Oet.
1950 2453 2131 2521 1567„
2184 2456 2244 2506 tu
2292 2469 2465 2507 comes
2510 2453 2618 2507 ibis
2652 2453 2881 2523 Phoebo,

516 2539 688 2578 comes
737 2523 845 2578 ibis
893 2523 1064 2578 astris
1097 2523 1251 2592 (item
1289 2523 1549 2578 Hercules
1592 2522 1712 2576 Sen.
1761 2522 1921 2576 Herc.
1959 2521 2078 2578 Oet.
2119 2521 2296 2592 1581);
2347 2522 2549 2577 siderei
2581 2523 2747 2577 iuxta
2793 2540 2885 2577 ra-

517 2591 754 2646 diabunt
787 2596 1032 2661 tempora
1078 2593 1202 2645 uati
1252 2592 1362 2660 (Sil.
1401 2593 1527 2646 Ital.
1564 2592 1652 2644 III
1687 2591 1838 2659 629);
1887 2607 1985 2643 uec
2011 2591 2184 2658 plura
2232 2592 2460 2659 locutus,
2494 2593 2504 2661 Ι
2555 2593 2702 2645 sieut
2746 2596 2881 2662 erat,

516 2661 725 2728 liquido
760 2662 1003 2729 aiynavit
1039 2661 1261 2713 tramite
1294 2659 1465 2714 ‘nubes
1503 2660 1808 2727 (Claudian.
1834 2660 1946 2714 VII
1973 2659 2119 2727 162);
2157 2660 2340 2727 aspice
2362 2676 2526 2729 nune,
2565 2677 2884 2728 quacunque

514 2729 688 2782 micas
724 2728 1028 2793 (Claudian.
1054 2730 1194 2783 VIII
1218 2729 1357 2797 428).
1406 2728 1519 2782 Alii
1541 2728 1794 2796 cogitant
1818 2743 2009 2795 corpus
2034 2744 2140 2780 non
2164 2727 2305 2781 idem
2344 2729 2436 2782 sed
2463 2729 2638 2782 maius
2674 2730 2882 2783 factum

516 2804 574 2851 et
607 2797 889 2864 splendore
925 2796 1309 2851 circumfusum
1346 2812 1640 2865 remanere,
1689 2796 1746 2849 id
1783 2797 1926 2862 quod
1961 2795 2177 2850 omnino
2211 2797 2540 2850 consecratis
2576 2797 2884 2851 hominibus

516 2866 728 2935 accidit,
768 2882 818 2920 v.
854 2881 898 2917 c.
935 2865 1163 2937 Romulo
1200 2866 1327 2919 divo
1365 2866 1531 2933 (Plut.
1569 2864 1721 2919 Caes.
1758 2865 2031 2928 XXVIII3
2070 2864 2212 2918 Flor.
2250 2865 2381 2932 epit.
2418 2866 2518 2934 11,
2559 2864 2647 2933 173
2688 2866 2881 2920 Zonar.

513 2933 624 2988 VII
646 2935 696 3003 4,
721 2933 824 2986 320
838 2932 937 2997 Β.).
1008 2934 1329 2988 Illustratur
1362 2934 1496 2987 haec
1530 2933 1708 3000 opinio
1745 2933 1993 2986 versibus
2024 2932 2279 2986 carminis
2316 2934 2629 3000 sepulcralis
2665 2934 2883 3001 saepius

519 3002 678 3057 citati
714 3002 854 3069 (CIL
891 3001 970 3054 VI
1006 3002 1173 3055 21521
1214 3019 1265 3056 v.
1303 3002 1513 3069 9sqq.):
1561 3001 1677 3054 vidi
1721 3001 1928 3055 sidereo
1974 3001 2293 3054 radiantem
2340 3002 2547 3055 lumine
2590 3002 2832 3068 formam
2872 3003 2882 3072 Ι

524 3070 738 3124 aethere
774 3068 951 3123 delabi
989 3110 999 3121 .
1040 3114 1051 3125 .
1091 3112 1102 3123 .
1139 3086 1302 3123 verus
1336 3070 1526 3123 iuveni
1561 3070 1708 3122 color
1742 3072 1797 3122 et
1829 3086 2012 3138 senua,
2048 3073 2110 3123 at
2141 3074 2324 3123 status
2359 3070 2474 3138 ipse
2505 3072 2512 3137 Ι
2544 3071 2726 3123 maior
2761 3074 2886 3123 erat

519 3141 652 3191 nota
689 3138 936 3206 eorporis
971 3136 1166 3207 effiyie.
1248 3139 1296 3193 Ε
1350 3139 1520 3193 tertia
1567 3138 1800 3204 denique
1849 3138 2097 3206 opinione
2134 3155 2323 3205 corpus
2369 3155 2476 3193 non
2524 3139 2740 3193 tollitur
2786 3141 2882 3194 sed

514 3207 765 3260 funditus
804 3206 1033 3271 deletur,
1066 3206 1251 3260 anima
1273 3222 1402 3260 vero
1428 3206 1588 3261 stella
1616 3207 1766 3260 facta
1790 3208 1859 3260 ad
1885 3222 2104 3273 superos
2129 3208 2327 3261 evolat.
2398 3208 2558 3261 Hunc
2580 3208 2638 3261 in
2665 3209 2880 3261 modum

515 3275 652 3328 facit
688 3274 916 3330 Ovidius
955 3275 1138 3328 Iovem
1175 3275 1445 3328 dicentem
1481 3275 1629 3338 (Met.
1656 3275 1760 3329 XV
1784 3275 1935 3341 840):
1973 3275 2115 3328 hauc
2147 3275 2398 3328 animam
2423 3280 2513 3341 (sc.
2541 3276 2843 3343 Caesaris).
2866 3317 2878 3330 .

510 3342 607 3408 fac
624 3341 803 3411 iubar,
822 3343 1008 3397 Venus
1028 3359 1156 3397 vero
1176 3342 1407 3410 fingitur
1426 3343 1494 3396 ab
1514 3344 1699 3396 eodem
1722 3350 1886 3420 poeta
1902 3344 1958 3397 in
1979 3349 2154 3397 terras
2173 3345 2499 3399 descendens
2525 3345 2882 3411 Caesarisque

514 3410 754 3472 animam
790 3411 1046 3465 membris
1083 3410 1344 3478 eripiens:
1383 3410 1618 3477 dumque
1644 3411 1776 3464 tulet
1798 3412 1970 3464 lucem
1996 3429 2186 3480 capere
2221 3415 2383 3479 atque
2406 3412 2670 3482 iynescere
2692 3413 2879 3467 sensit.

684 3480 820 3549 Pag.
861 3479 975 3533 138.
1047 3480 1112 3532 Id
1162 3495 1374 3546 quoque
1424 3487 1636 3532 veteres
1685 3482 2091 3549 quaesiverunt,
2141 3481 2390 3548 quisnam
2439 3481 2613 3535 stellis
2661 3482 2881 3535 nomina

511 3548 814 3603 indidisset.
886 3547 1079 3601 Fuisse
1129 3547 1223 3615 qui
1271 3548 1398 3602 deos
1456 3555 1705 3601 auctores
1752 3548 2099 3603 nominarent
2146 3556 2377 3617 apparet
2424 3566 2491 3604 ex
2538 3549 2716 3603 Plinio
2753 3550 2880 3604 Nat.

510 3617 638 3671 hist.
676 3618 735 3670 II
764 3616 843 3671 19.
907 3616 1164 3684 Plerique
1195 3621 1378 3670 autem
1418 3621 1567 3669 recte
1601 3616 1845 3670 homines
1881 3617 2188 3685 arguebant
2224 3625 2281 3672 et
2307 3618 2450 3673 inter
2475 3634 2579 3687 eos,
2617 3635 2737 3672 cum
2773 3619 2881 3686 ipsi

510 3685 741 3738 Romani
780 3686 947 3753 vulgo
984 3701 1079 3752 pro
1116 3685 1316 3739 artium
1357 3684 1629 3752 imperitis
1665 3686 1919 3740 cederent
1955 3684 2072 3749 (Ov.
2100 3686 2249 3739 Fast.
2277 3687 2367 3740 ΠΙ
2392 3686 2609 3755 111a1.)‚
2648 3687 2879 3742 Graecos

514 3753 683 3821 (Verg
735 3753 932 3821 Georg.
968 3755 997 3807 I
1035 3754 1150 3822 137,
1188 3754 1307 3807 Sen.
1346 3753 1471 3807 Nat.
1510 3759 1720 3820 quaest.
1758 3754 1870 3807 VII
1894 3754 1997 3820 25).
2070 3753 2264 3808 Graeci
2299 3755 2404 3821 ipsi
2442 3755 2572 3822 quid
2610 3757 2879 3812 senserint

510 3818 644 3942 acic.
680 3821 834 3873 Arat.
865 3820 983 3883 160)
1020 3821 1274 3875 attulisse
1310 3822 1409 3875 hoc
1444 3821 1556 3874 loco
1592 3838 1785 3889 parum
1812 3822 1995 3888 refert,
2031 3822 2139 3876 nisi
2173 3824 2314 3889 quod
2346 3823 2405 3876 hi
2430 3840 2643 3891 quoque
2668 3825 2735 3878 de
2759 3841 2880 3878 cae-

534 3888 639 3941 esti
688 3889 922 3955 quadam
981 3890 1390 3943 nomenclatura
1436 3907 1495 3943 co
1539 3890 1781 3959 itarunt‚
1838 3890 1885 3943 si
1931 3906 2123 3944 revera
2170 3891 2431 3945 Graecum
2482 3892 2684 3947 fontem
2734 3893 2880 3960 sapit

512 3956 736 4009 Arcturi
772 3956 911 4008 illud
959 3956 1160 4023 (Plaut.
1199 3958 1339 4010 Rud.
1376 3956 1458 4026 5):
1544 3958 1595 4011 ie
1643 3961 1809 4025 atque
1854 3958 1918 4012 ‘l‘n
1957 3959 2098 4013 eaelo
2145 3976 2342 4013 nonaen
2378 3960 2677 4014 Arcturost
2722 3961 2877 4016 mihi.

512 4024 680 4090 Quem
711 4040 924 4077 versum
964 4025 1113 4079 varie
1138 4025 1489 4093 interpretati
1523 4032 1668 4091 sunt,
1707 4043 1756 4081 V.
1785 4027 2182 4081 Dziatzkon
2199 4044 2294 4081 em
2328 4029 2465 4083 Mus.
2491 4030 2664 4083 Rhen.
2691 4029 2878 4084 XXIV

510 4092 613 4145 580
665 4093 719 4145 M
734 4092 885 4145 arxi
901 4109 1003 4146 um
1029 4093 1146 4146 Ind.
1170 4094 1291 4147 lect.
1321 4092 1522 4160 Gryph.
1553 4095 1686 4147 1892
1711 4113 1761 4162 p.
1788 4096 1838 4149 5.
1893 4096 2191 4149 Christiani
2215 4112 2345 4150 vero
2369 4097 2576 4151 Psalmi
2601 4097 2825 4152 CXLIV
2845 4099 2875 4150 7

509 4134 678 4283 {31³}ss
696 4162 1231 4284 iiliuissirtssgile
1245 4177 1432 4284 {3535ss
1453 4163 1942 4286 ¹1¹1ss¹¹¹1¹2¹¹¹¹³2232rg13²1¹1¹3
1961 4165 2876 4288 ³3⁶¹1¹2³151¹1¹3¹35ss⁰¹333³11332p1303ffl0

508 4298 569 4352 F.
606 4297 820 4365 Piper
855 4297 890 4349 l.
928 4313 972 4352 c.
1007 4299 1036 4351 I
1058 4315 1124 4378 ·p.
1162 4273 1356 4366 2’79sq.
1427 4247 1892 4379 Horlumgnimpetu
1926 4275 2146 4355 ’factum
2195 4276 2546 4369 videtursut
2591 4275 2875 4357 stellarum

510 4371 733 4422 vetusta
769 4381 892 4419 cum
929 4382 1148 4421 nomina
1181 4374 1301 4421 tum
1336 4374 1755 4435 superstitiones
1791 4369 2059 4436 paulatim
2095 4376 2496 4425 evanescerent.
