3576 5085
517 404 666 491 129]
962 403 1042 457 De
1079 401 1361 457 stellarum
1399 398 1762 469 appellatione
1799 406 1858 454 et
1891 398 2161 469 religione
2195 401 2440 456 Romana
2755 403 2880 468 221

517 575 611 641 Et
655 571 1086 640 Nemesianus
1130 570 1296 637 dicit
1342 570 1449 636 ΙΠ
1494 572 1608 636 21:

1447 709 1599 756 nam
1645 708 1791 756 cum
1837 694 1989 770 post
2033 688 2256 756 sidera
2300 690 2471 756 caeli

827 794 965 861 sola
1010 795 1232 861 Iovem
1276 791 1530 859 Semele
1573 792 1748 860 vidit
1793 792 1971 860 Iovis
2018 811 2135 859 ora
2179 792 2561 875 professum.

684 932 816 998 Sed
859 932 1024 998 haec
1054 931 1397 996 stellarum
1430 926 1815 1006 ἀποθέωσις
1843 928 2246 1012 philosophis
2277 934 2540 997 tantum
2571 936 2641 997 et
2669 932 2885 1014 poetis

516 1053 825 1102 concessa
898 1038 1050 1100 erat
1109 1037 1178 1098 et
1239 1031 1308 1098 in
1368 1031 1749 1116 religionem
1812 1032 2108 1098 omnibus
2165 1032 2481 1099 Romanis
2540 1038 2883 1116 acceptam

514 1155 865 1219 numquam
911 1135 1099 1201 abiit.
1187 1134 1258 1202 Si
1302 1134 1847 1217 superstitionum
1907 1137 2284 1200 exterarum
2332 1134 2622 1201 asseclas
2646 1135 2696 1220 ²)
2755 1154 2884 1202 non

514 1239 1098 1321 numeraverimuS,
1158 1236 1378 1304 dicere
1436 1256 1775 1319 possumus
1835 1237 2087 1303 nullum
2130 1243 2361 1305 extare
2420 1237 2886 1323 testimouium,

516 1360 641 1424 quo
683 1342 905 1407 sidera
946 1340 1015 1406 in
1062 1341 1441 1407 universum
1484 1359 1526 1405 a
1558 1339 1871 1406 Romanis
1918 1341 2098 1406 culta
2128 1359 2271 1407 esse
2318 1341 2882 1426 demonstretur.²)

686 1443 991 1509 Diximus
1032 1443 1246 1509 adhuc
1294 1445 1374 1509 de
1419 1448 1724 1510 veterum
1769 1442 2175 1526 cogitatione
2234 1443 2507 1527 stellari,
2553 1448 2882 1524 quatenus

517 1552 702 1614 astra
754 1566 872 1630 pro
931 1546 1309 1612 numinibus
1369 1545 1817 1628 peculiaribus
1877 1549 1947 1612 et
2008 1545 2312 1612 discretis
2369 1546 2884 1628 accipiebantur.

516 1651 643 1717 Sed
688 1650 905 1716 altera
950 1650 1268 1730 quaedam
1314 1649 1651 1715 sententia
1695 1648 1924 1714 multis
1983 1648 2359 1715 rudioribus
2403 1648 2657 1731 populis
2717 1667 2883 1715 com-

514 1751 729 1819 munis
774 1752 965 1818 iuxta
1009 1751 1252 1817 existit.
1340 1752 1471 1817 Est
1514 1751 1794 1818 hominis
1840 1752 2057 1817 omnia
2101 1770 2272 1832 quae
2332 1757 2488 1817 sunt
2529 1752 2600 1817 in
2646 1753 2881 1818 mundo

515 1874 690 1922 nexu
714 1854 935 1935 aliquo
959 1854 1329 1936 excogitato
1353 1854 1440 1920 ad
1462 1853 1671 1920 vitam
1699 1855 2047 1920 humanam
2069 1853 2335 1920 referre.
2380 1845 2475 1919 Et
2498 1853 2731 1920 stellas
2754 1853 2885 1920 sibi

516 1957 855 2039 devinxit,·
881 1961 1226 2039 postquam
1259 1975 1577 2037 quaerere
1607 1955 1919 2038 instituit,
1965 1955 2232 2023 ubinam
2264 1956 2524 2022 animae
2555 1957 2883 2022 hominum

514 2063 665 2142 post
708 2065 983 2126 mortem
1030 2064 1598 2126 commorarentur.
1687 2059 1925 2125 Vivum
1974 2078 2208 2140 corpus
2257 2059 2477 2124 anima
2523 2058 2882 2125 animatum

515 2164 705 2245 calet,
753 2162 974 2228 anima
1019 2161 1248 2250 efflata
1277 2161 1501 2245 friget.
1591 2162 1717 2227 Est
1746 2161 1960 2244 igitur
1990 2162 2213 2228 anima
2243 2161 2522 2228 calidum
2557 2161 2885 2247 aliquid,⁸)

512 2266 573 2332 h.
599 2285 651 2332 e.
674 2265 849 2349 ignis
880 2266 992 2333 vel
1016 2264 1292 2349 flamma,
1325 2269 1394 2330 et
1415 2284 1535 2346 per
1560 2268 1923 2330 extremum
1956 2264 2261 2346 spiritum
2293 2265 2433 2330 aeri
2462 2264 2779 2348 redditur,
2808 2265 2888 2331 fit

513 2367 722 2450 igitur
771 2367 946 2450 ignis
1001 2366 1239 2433 aerius,
1328 2368 1519 2433 Unde
1574 2366 1875 2447 sequitur
1919 2366 2110 2449 ignes
2155 2366 2225 2432 in
2272 2385 2427 2433 aere
2465 2367 2885 2448 splendentes

515 2470 766 2537 animas
802 2488 944 2537 esse
974 2475 1391 2536 mortuorum.
1489 2469 1637 2535 Hae
1682 2474 1885 2551 atque
1915 2470 2091 2535 tales
2124 2469 2461 2552 opiniones
2506 2473 2664 2535 sunt
2707 2468 2886 2535 inter

513 2573 890 2656 primitivas
936 2572 1242 2639 nationes
1281 2573 1422 2638 late
1452 2573 1965 2657 pervulgataef)
2055 2573 2291 2654 Itaque
2338 2577 2408 2638 et
2449 2574 2729 2639 Romani
2772 2592 2886 2639 eas

514 2676 641 2758 ipsi
686 2676 1031 2756 concipere
1076 2680 1275 2756 atque
1308 2675 1608 2741 excolere
1639 2680 1965 2755 poterant.
2056 2674 2185 2740 Sed
2229 2681 2554 2755 quatenus
2599 2676 2670 2741 id
2714 2675 2884 2742 fece-

517 2777 669 2859 rint,
736 2777 932 2843 hodie
991 2777 1312 2843 incertum
1362 2781 1482 2843 est.
1585 2776 2050 2861 Quaecumque
2094 2777 2288 2843 huius
2330 2777 2668 2860 religionis
2712 2780 2887 2861 apud

518 2879 797 2945 Latinos
845 2878 1141 2961 vestigia
1186 2883 1504 2971 tenemus,
1550 2879 1872 2945 Graecam
1917 2879 2188 2960 sapiunt
2232 2878 2567 2963 originem.
2786 2871 2790 2875 ’

689 2981 767 3047 111
792 2970 1143 3047 afferendis
1166 2981 1567 3048 Graecorum
1599 2981 1997 3048 testimoniis
2021 3000 2218 3064 parco
2250 3001 2393 3048 esse
2426 2982 2586 3047 mihi
2603 2982 2884 3067 liceat.⁶)

693 3186 733 3248 ¹)
769 3185 835 3240 V.
875 3201 1038 3253 supra
1071 3201 1199 3254 pag.
1239 3184 1355 3240 124.

691 3270 732 3337 ²)
770 3270 1033 3325 Similiter
1079 3270 1239 3324 Philo
1288 3271 1524 3325 Iudaeus
1578 3276 1731 3325 astra
1778 3286 1875 3339 pro
1922 3271 2237 3326 numinibus
2286 3271 2486 3326 divinis
2531 3270 2742 3339 habuit,
2792 3271 2886 3325 sed

517 3356 835 3411 adoratione
860 3356 1124 3424 dignatus
1148 3371 1256 3410 non
1281 3361 1367 3411 est
1386 3356 1471 3426 (de
1489 3355 1617 3424 opif.
1644 3356 1834 3410 mundi
1860 3357 1891 3423 ξ
1911 3355 1995 3409 27.
2016 3355 2120 3425 73).
2158 3356 2586 3410 Christianorum
2609 3355 2886 3425 opiniones

514 3442 800 3497 stellarum
837 3440 1188 3495 divinitatem
1226 3445 1326 3496 aut
1359 3440 1684 3509 negantium
1720 3447 1821 3496 aut
1856 3441 2251 3495 affirmantium
2276 3440 2552 3510 'congessit
2587 3442 2649 3495 F.
2675 3441 2888 3511 Piper

513 3528 549 3582 l.
585 3528 622 3585 l.
659 3544 787 3597 pag.
825 3524 1058 3594 202sqq.
1373 3526 1413 3595 ³)
1451 3526 1591 3580 Vide
1627 3527 1691 3580 A.
1733 3526 2109 3581 Dieterich
2145 3526 2359 3595 Nekyia
2393 3543 2521 3596 pag.
2559 3527 2643 3584 24.

685 3613 729 3680 ⁴)
766 3611 830 3666 V.
869 3611 1275 3667 Ratzelium
1321 3611 1356 3666 l.
1394 3611 1430 3665 l.
1477 3611 1507 3665 I
1552 3627 1680 3681 pag.
1718 3611 1802 3682 76,
1839 3612 1898 3665 II
1933 3627 2061 3681 pag.
2111 3611 2194 3667 88.
2278 3613 2537 3667 Indorum
2579 3613 2887 3669 sententiae

517 3702 842 3751 enarrantur
879 3697 946 3750 ab
983 3696 1522 3751 Hillebrandtio
1584 3695 1839 3750 Vedische
1874 3695 2210 3766 Mytholoqie
2243 3698 2273 3751 I
2307 3714 2433 3767 pag.
2471 3697 2589 3767 397,
2639 3698 2887 3754 Olden-

518 3781 759 3849 bergio
804 3780 1184 3850 Vedareliqion
1217 3797 1345 3851 pag.
1371 3781 1488 3838 564.
1562 3782 1833 3836 Permulti
1867 3788 2154 3850 praeterea
2189 3790 2320 3837 sunt
2357 3782 2541 3851 populi
2566 3784 2663 3852 qui
2698 3784 2886 3838 eadem

518 3864 823 3934 opinentur,
848 3881 980 3934 quos
998 3868 1341 3922 enumeravit
1364 3867 1413 3921 D
1428 3867 1621 3921 rexle
1635 3884 1662 3920 r
1690 3866 2180 3934 Wochenschrfu'r
2196 3866 2358 3923 klass,
2379 3867 2523 3923 Phil.
2546 3869 2680 3922 1894
2697 3885 2748 3937 p.
2769 3867 2885 3923 733.

518 3951 637 4005 Non
673 3949 882 4005 animas
929 3952 1022 4007 sed
1070 3953 1251 4007 oculos
1296 3953 1573 4007 hominum
1621 3958 1962 4009 mortuorum
2011 3969 2102 4008 eas
2150 3959 2486 4022 putaverant
2523 3954 2795 4023 Germani,
2832 3970 2884 4009 v.

517 4035 582 4091 E.
619 4036 849 4103 Meyer
882 4036 940 4090 in
976 4037 1099 4091 adn.
1124 4038 1195 4092 ad
1220 4038 1543 4093 Grimmium
1568 4039 1603 4093 l.
1628 4039 1664 4093 l.
1691 4055 1819 4109 pag.
1846 4039 1963 4095 455.
2037 4039 2263 4095 Oculum
2287 4039 2547 4109 principis
2578 4040 2636 4094 in
2671 4039 2884 4094 stellam

516 4112 895 4176 transformari
929 4122 1164 4190 legimus
1200 4124 1344 4192 apud
1379 4124 1444 4178 R.
1482 4124 1754 4180 Andree
1790 4125 1826 4180 l.
1864 4125 1900 4180 l.
1936 4141 2061 4195 pag.
2103 4125 2203 4178 112
2237 4125 2522 4196 traditum.

692 4206 735 4277 ³)
772 4206 889 4261 Iam
924 4207 1024 4261 hoc
1057 4208 1170 4262 loco
1207 4224 1451 4264 moneam
1487 4210 1545 4264 111
1579 4210 1909 4266 testimoniis
1945 4227 2085 4279 quae
2140 4211 2444 4267 afferuntur
2489 4227 2595 4266 non
2641 4209 2887 4265 omnibus

517 4292 815 4363 diligenter
851 4291 1085 4347 discerni
1119 4293 1265 4349 inter
1288 4295 1476 4349 stellas
1511 4310 1652 4363 quae
1687 4302 1819 4352 sunt
1843 4303 2180 4352 mortuorum
2206 4298 2420 4351 animae
2456 4301 2512 4351 et
2536 4295 2722 4350 stellas
2746 4310 2886 4362 quae

516 4379 844 4434 habitantur
880 4395 913 4433 a
948 4380 1196 4433 mortuis.

616 4478 1258 4535 Religionsgeschiohfflehe
1285 4480 1525 4525 Versuche
1551 4492 1598 4525 11.
1628 4481 1952 4526 Vorarbeiten
1979 4482 2064 4526 111.
2514 4465 2578 4517 15
