3576 5085
728 428 853 494 106
1631 425 1937 481 Guilelmus
1972 426 2187 483 Gundel
2979 429 3091 516 [14

721 597 809 661 ad
851 595 1153 660 dimitam
1189 595 1428 660 stellam
1469 596 1810 659 crastinam
1836 597 2198 677 potabimus.
2284 597 2434 664 Hac
2461 617 2622 666 voce
2660 599 2856 666 stella
2885 600 3090 682 signi-

720 698 965 766 ficatur
1009 717 1187 780 quae·
1221 696 1460 764 diurna
1489 702 1592 764 est
1628 698 1669 764 i.
1714 716 1768 764 e.
1809 697 1882 764 in
1914 699 2085 765 diem
2130 701 2241 766 vel
2283 699 2355 766 in
2383 700 2493 767 die
2538 701 2771 767 elucet.
2859 702 3089 784 Neque

721 801 892 868 enim
938 799 1333 884 putaverim,
1391 801 1775 867 ioculariter
1837 802 2001 869 haec
2045 804 2127 868 de
2185 802 2328 884 ipso
2387 803 2523 868 sole
2583 803 2731 887 dici,
2786 806 3090 886 quoniam

720 906 917 971 stella
945 924 1092 988 voX,
1130 907 1447 985 quantum
1477 903 1688 986 video,
1732 922 2083 985 numquam
2116 907 2200 970 ad
2244 905 2494 971 maiora
2523 905 2743 972 sidera
2773 925 2861 973 sc.
2889 908 3088 974 solem

718 1009 829 1075 vel
871 1008 1095 1074 lunam
1139 1006 1562 1074 transfertur.
1649 1008 1893 1074 Utrum
1934 1009 2104 1074 hanc
2164 1008 2678 1090 appellationem
2722 1010 3007 1077 Plautus
3052 1029 3092 1078 e

718 1110 987 1194 vulgari
1045 1129 1341 1177 sermone
1397 1109 1717 1192 hauserit,
1777 1128 1866 1175 an
1909 1110 2051 1191 ipse
2109 1110 2309 1177 metri
2367 1112 2767 1178 necessitate
2826 1117 3089 1180 coactus

718 1213 1084 1297 invenerit,
1145 1213 1510 1278 diiudicare
1570 1212 1823 1295 nesci03
1898 1213 2213 1280 asseclam
2284 1218 2464 1280 certe
2539 1215 2717 1280 inter
2773 1216 3085 1283 librorum

720 1321 1023 1383 auctores
1066 1335 1194 1382 non
1241 1317 1519 1396 adeptus
1566 1320 1689 1381 est.

889 1418 1176 1502 Iubar,
1230 1420 1480 1482 -aris:
1526 1420 1691 1485 haec
1735 1417 2094 1499 appellatio
2138 1418 2295 1483 inde
2325 1420 2411 1487 ab
2443 1418 2662 1485 Ennio
2694 1423 2762 1486 et
2791 1421 3088 1488 Pacuvio

719 1527 1082 1603 usurpatur
1139 1523 1223 1588 ad
1282 1522 1499 1586 lumen
1555 1521 1679 1587 soli
1755 1540 2191 1603 praecurrens
2263 1521 2779 1604 significandum.
2884 1523 3088 1590 Ennii

716 1643 951 1691 versus
996 1628 1152 1690 sunt
1195 1622 1596 1690 recensionis
1641 1623 2101 1689 Vahlenianae
2158 1624 2467 1706 iteratae,
2526 1625 2713 1690 cuius
2771 1625 3088 1694 lectiones

715 1728 936 1810 probe,
980 1727 1166 1793 Scen.
1225 1728 1339 1792 37:
1405 1726 1513 1790 hoc
1572 1727 1783 1790 lumen
1835 1726 2153 1789 iubar-nest
2212 1725 2377 1807 quod
2430 1728 2503 1789 in
2556 1728 2719 1791 caelo
2777 1747 2957 1792 cerno
3016 1736 3086 1795 et

715 1832 887 1896 Ann.
932 1831 1089 1895 547:
1133 1831 1372 1893 interea
1394 1828 1570 1909 fuyit
1610 1828 1791 1893 albus
1816 1827 2004 1892 iubar
2030 1828 2409 1911 Hyperionis
2445 1849 2716 1895 cursum.
2803 1831 3087 1898 Pacuvii

715 1935 925 1999 verba
953 1933 1024 1998 in
1053 1931 1408 1999 Ribbeckii
1440 1931 1874 2013 Tragicorum
1895 1931 2333 1997 Romanorum
2353 1930 2743 2013 fragmentis
2771 1932 3087 2014 leguntur

716 2035 787 2100 in
834 2035 1131 2100 editione,
1165 2035 1372 2099 tertia
1414 2053 1476 2115 p.
1522 2034 1649 2100 140
1703 2053 1767 2100 v.
1812 2034 1970 2099 347:
2036 2041 2245 2097 exorto
2300 2033 2538 2116 iubare,
2596 2036 2791 2098 noctis
2833 2035 3086 2100 decurso

713 2138 954 2202 itinere.
979 2147 983 2151 “
1011 2137 1150 2203 Hos
1181 2136 1665 2203 vetustissimos
1695 2141 1929 2217 poetas
1959 2135 2360 2202 recentiores
2391 2136 2505 2218 qui
2540 2136 2814 2203 fuerunt
2840 2138 3086 2204 imitati

716 2245 891 2322 sunt,
943 2258 1087 2305 cum
1132 2239 1245 2320 qui
1289 2238 1569 2304 solutam
1602 2239 1965 2304 orationem
1996 2239 2369 2304 scriberent
2414 2257 2634 2306 vocem
2672 2239 2861 2302 iubar
2904 2259 3085 2322 sper-

716 2346 953 2408 nerent
981 2348 1251 2423 praeter
1274 2341 1751 2424 grammaticos,
1798 2340 2056 2424 Quibus
2088 2347 2157 2408 et
2179 2341 2337 2423 ipsis
2365 2343 2535 2409 locos
2565 2344 2750 2408 modo
2780 2342 3086 2409 laudatos

718 2445 1047 2510 debemus.
1151 2444 1581 2510 Grammatici
1641 2443 1816 2510 enim
1875 2444 2085 2511 variis
2143 2445 2369 2526 modiS,
2429 2449 2507 2510 ut
2549 2445 2747 2511 huius
2806 2446 3085 2512 nominis

718 2548 1039 2631 originem
1095 2547 1539 2630 enuclearent,
1599 2551 1897 2630 egerunt.
1984 2548 2452 2615 Recentiorum
2498 2549 2777 2630 primum
2826 2549 3085 2630 quidem

714 2650 1221 2733 mythologicam
1283 2650 1465 2717 vocis
1537 2649 1820 2731 protulit
1864 2651 2486 2732 interpretationem
2533 2651 2610 2717 R.
2657 2652 2936 2716 Garru
2958 2650 3085 2716 cci

718 2752 995 2837 (Annali
1023 2752 1160 2817 dezl‘
1183 2752 1344 2816 Inst.
1376 2751 1447 2816 di
1475 2772 1634 2818 corr.
1661 2753 1921 2817 archeol.
1945 2754 2257 2819 XXXIII
2285 2754 2450 2818 1861
2474 2773 2537 2835 p.
2564 2752 2731 2838 156).
2787 2753 3085 2836 Legerat

717 2855 887 2922 enim
919 2855 989 2921 in
1020 2855 1191 2921 cista
1237 2858 1522 2937 quadam
1551 2857 1844 2922 Etrusca
1882 2855 2160 2923 IAFOR
2202 2856 2312 2922 dei
2357 2856 2501 2922 sive
2545 2856 2763 2922 herois
2793 2857 3085 2937 appella-

711 2956 983 3042 tionem,
1019 2977 1292 3040 eamque
1321 2958 1494 3023 idem
1541 2977 1684 3024 esse
1727 2957 1927 3024 iussit
1970 2962 2174 3040 atque
2216 2959 2432 3041 iubar,
2477 2957 2577 3024 ita
2604 2965 2681 3024 ut
2710 2958 2770 3023 is
2801 2978 2919 3040 pro
2963 2961 3083 3024 deo

715 3064 996 3145 cederet,
1042 3062 1147 3128 cui
1192 3080 1423 3127 nomen
1456 3062 1820 3142 ascriptum
1857 3067 2022 3144 erat,
2066 3081 2102 3128 e
2148 3080 2273 3142 quo
2298 3061 2498 3128 stella
2528 3059 2806 3127 lucifera
2850 3080 3082 3128 nomen

711 3165 1049 3231 traxisset.
1123 3164 1253 3229 Sed
1283 3165 1410 3229 hac
1441 3166 1522 3229 de
1552 3183 1624 3229 re
1655 3164 1852 3230 valde
1882 3164 2221 3231 dubitavit
2250 3164 2334 3230 H.
2378 3166 2426 3229 J
2442 3183 2531 3229 or
2549 3166 2591 3229 d
2609 3184 2651 3230 a
2670 3183 2713 3229 n
2745 3164 3084 3248 (Kritische

712 3267 1015 3349 Beitrdye
1054 3286 1175 3330 zur
1207 3265 1561 3331 Geschichte
1587 3266 1698 3330 der
1727 3268 1836 3332 lat.
1868 3266 2139 3349 Spraehe
2168 3287 2229 3349 p.
2259 3266 2388 3352 61),
2433 3266 2546 3348 qui
2575 3270 2808 3350 postea
2836 3267 3082 3332 statuit

712 3388 843 3436 non
880 3369 1158 3436 IAFOR
1203 3371 1323 3435 sed
1365 3368 1634 3435 IACOR
1693 3371 2045 3452 legendum
2085 3388 2245 3453 esse,
2304 3370 2419 3451 qui
2463 3375 2639 3436 esset
2683 3370 3081 3436 Graecorum

697 3471 951 3551 Ἴακχος
1009 3472 1256 3558 (Herm.
1314 3473 1439 3537 vol.
1483 3471 1650 3537 XVI
1697 3473 1862 3539 1881
1924 3491 1987 3553 p.
2046 3471 2219 3555 251).
2321 3472 2469 3553 Qua
2533 3490 2608 3537 re
2668 3473 2756 3536 ad
2818 3471 3080 3536 irritum

713 3575 896 3642 cadit
941 3574 1297 3657 explicatio
1340 3593 1377 3640 e
1420 3576 1686 3640 deorum
1731 3574 1977 3640 fabulis
2019 3574 2257 3655 petita.
2357 3574 2501 3640 Iam
2559 3574 2643 3638 ad
2703 3570 3079 3654 grammati-

711 3697 926 3745 corum
975 3676 1342 3758 veriloquia
1385 3695 1504 3742 nos
1550 3685 2028 3757 convertamus
2096 3695 2368 3758 quorum
2412 3675 2659 3759 primus
2719 3679 2824 3740 est
2866 3675 3080 3742 Varro
3165 3725 3170 3732 .

712 3784 794 3847 de
850 3782 892 3847 l.
951 3782 994 3846 l.
1056 3781 1187 3845 VII
1234 3782 1316 3845 76
1378 3781 1647 3846 docens:
1705 3779 1895 3844 iubar
1951 3778 2186 3843 dicitur
2239 3780 2418 3843 stella
2476 3778 2733 3859 lucifer,
2792 3796 2953 3857 quae
3007 3777 3081 3840 in

708 3904 948 3948 summo
1020 3882 1186 3965 quod
1254 3882 1432 3946 habet
1497 3882 1708 3945 lumen
1770 3882 2075 3963 diffusum
2093 3929 2109 3960 ,
2174 3884 2245 3944 ut
2309 3882 2400 3944 leo
2463 3881 2536 3944 in
2596 3880 2795 3963 capite
2851 3880 3081 3946 iubam.
3140 3927 3144 3931 -

710 3987 1021 4067 Plerique
1083 3990 1381 4064 veterum
1440 3985 2017 4067 grammaticorum
2084 3986 2256 4050 hanc
2310 3983 2776 4066 etymologiam
2835 4003 2878 4050 a
2932 3982 3084 4047 iuba

712 4091 1058 4169 deductam
1091 4087 1620 4174 probaverunt,¹)
1680 4087 1841 4168 quin
1885 4087 2085 4153 etiam
2130 4086 2573 4152 recentiorum
2612 4105 2755 4153 eam
2787 4084 3083 4152 defendit

887 4243 926 4312 ¹)
962 4240 1224 4296 Varronis
1260 4240 1563 4295 doctrinam
1595 4240 1654 4295 in
1689 4239 2010 4294 universum
2046 4238 2221 4295 secuti
2256 4245 2390 4295 sunt
2412 4238 2637 4295 Verrius
2675 4237 2818 4306 apud
2853 4238 3078 4291 Festum

707 4347 761 4398 p.
798 4329 904 4383 104
923 4329 1025 4398 M.;
1086 4328 1233 4383 Serv.
1283 4328 1452 4397 Verg.
1514 4326 1651 4381 Aen.
1697 4325 1779 4379 IV
1829 4325 1957 4395 1303
2015 4326 2208 4381 Isidor.
2257 4331 2423 4394 etym.
2469 4325 2562 4379 ΙΙΙ
2609 4323 2702 4392 70,
2752 4322 2820 4375 18
2830 4340 2845 4389 3
2904 4322 3077 4377 Anon.

709 4416 775 4470 de
811 4420 1063 4485 computo
1098 4414 1210 4469 loco
1245 4428 1413 4481 supra
1447 4427 1576 4481 pag.
1611 4410 1647 4465 8
1680 4411 1923 4465 laudato.
