3576 5085
672 377 801 449 224
1577 378 1882 434 Guilelmus
1918 378 2133 434 Gundel
2890 383 3047 462 [132

1065 567 1245 634 Iulia
1289 567 1629 634 descendit
1673 568 1856 633 caelo
1900 568 2283 648 caelumque.
2326 567 2631 652 replevit,

1063 672 1234 752 quod
1276 670 1457 753 regit
1500 671 1845 752 Augustus
1889 669 2060 736 socio
2105 689 2224 752 per
2268 669 2459 753 signa
2502 671 2819 737 Tonante.

846 774 1034 860 Quod
1079 792 1221 840 cum
1267 774 1368 840 ita
1412 773 1519 856 sit,
1562 791 1691 839 non
1737 773 2122 838 mirabimur
2163 791 2313 839 raro
2356 773 2548 839 nobis
2592 773 2916 840 hominem
2960 777 3044 842 de

636 878 862 962 .plebe
891 895 1248 960 occurrere,
1295 875 1411 957 qui
1444 878 1530 942 ad
1563 880 1748 942 astra
1787 874 2029 958 evolet,
2072 875 2189 941 sed
2220 875 2389 941 solos
2420 874 2561 941 fere
2606 875 3045 958 imperatores

671 978 778 1045 ὅτε
818 977 1331 1064 ἀποθεοῦνται.1)
1419 979 1609 1061 Quod
1668 978 1910 1060 incipit
1965 997 2007 1042 a
2065 977 2238 1043 Iulio
2284 977 2583 1060 Caesare,
2642 980 2725 1044 de
2783 998 2908 1060 quo
2968 980 3041 1046 in

671 1082 1093 1166 paragrapho
1137 1081 1364 1165 tertia,
1410 1081 1525 1147 ubi
1571 1082 1651 1146 de
1697 1080 1965 1146 cometis
1997 1080 2236 1164 agitur,
2282 1079 2494 1145 fusius
2541 1081 2671 1147 erit
2716 1081 3048 1148 disseren-

672 1188 841 1253 dum.
928 1185 1336 1252 Octavianus
1395 1202 1650 1265 quoque
1703 1183 1966 1249 stellam
2025 1202 2211 1250 suam
2257 1183 2622 1265 occupavit.
2725 1183 2836 1251 Sic
2893 1203 3046 1251 eum

670 1289 969 1355 celebrat
1012 1287 1290 1354 Ovidius
1315 1286 1366 1372 ²)
1412 1286 1603 1367 epist.
1649 1305 1733 1352 ex
1776 1286 1988 1352 Ponto
2033 1286 2128 1351 IV
2173 1287 2272 1369 11,
2320 1287 2445 1351 129
2462 1305 2585 1367 sq.:

979 1412 1055 1473 tu
1101 1409 1363 1473 nostras
1401 1405 1593 1471 audis
1633 1405 1810 1472 inter
1856 1424 2151 1472 convexa
2192 1406 2450 1472 locatus

1085 1509 1325 1590 sidera,
1378 1506 1700 1574 sollicitas
1748 1526 1913 1589 quas
1956 1510 2185 1574 damus
2229 1526 2341 1575 ore
2386 1527 2630 1590 preces,

670 1628 1067 1695 Accuratius
1137 1627 1303 1694 dicit
1368 1627 1797 1694 Germanicus
1863 1627 1933 1694 in
1999 1628 2272 1694 Arateis
2317 1630 2445 1695 558
2512 1630 2594 1694 de
2639 1629 3047 1711 Capricorno

670 1731 1028 1800 Octaviani
1072 1731 1322 1798 sidere:

978 1853 1104 1935 hic,
1150 1852 1471 1934 Auguste,
1516 1862 1702 1917 tuum
1746 1850 2030 1934 genitali
2072 1868 2342 1932 corpore
2386 1869 2624 1917 numen

978 1954 1298 2020 attonitas
1343 1953 1521 2019 inter
1563 1959 1798 2037 gentes
1842 1952 2258 2035 patriamque
2303 1958 2656 2036 paventem

978 2057 1048 2123 in
1093 2056 1347 2122 caelum
1391 2055 1551 2122 tulit
1597 2060 1665 2121 et
1709 2055 2029 2122 maternis
2073 2055 2365 2121 reddidit
2408 2055 2627 2121 astriS.

670 2176 980 2242 Materna
1017 2181 1172 2242 sunt
1215 2180 1420 2258 astra,
1462 2175 1619 2256 quia
1663 2180 1734 2241 et
1761 2177 2008 2258 Venus,
2052 2176 2272 2259 gentis
2302 2176 2511 2241 Iuliae
2555 2175 2730 2258 avia,
2774 2176 3039 2241 stellam

671 2296 858 2345 suam
899 2277 1205 2360 possidet.
1307 2278 1610 2343 Reddere
1667 2277 1915 2343 dicitur
1959 2278 2413 2361 CapricornuS,
2471 2297 2600 2344 non
2648 2280 2822 2360 dare,
2881 2278 3040 2359 quia

670 2381 994 2462 quondam
1040 2399 1078 2445 e
1108 2379 1287 2445 caelo
1334 2380 1765 2446 descenderat
1796 2381 2169 2463 Augustus3
2215 2381 2378 2446 dicit
2422 2380 2592 2447 enim
2625 2380 2850 2447 Cicero
2879 2381 2921 2447 l.
2951 2399 3040 2448 c.:

669 2482 1034 2569 (civitatum)
1092 2487 1355 2548 rectores
1410 2483 1503 2547 vel
1560 2488 2008 2548 conservatores
2064 2483 2209 2548 hinc
2267 2484 2327 2569 (e
2370 2483 2555 2570 caelo)
2592 2484 2862 2566 profecti
2916 2482 3037 2548 huc

668 2585 1138 2672 revertuntur.⁸)
1255 2585 1561 2668 Denique
1619 2586 2035 2670 Augusteum
2101 2587 2283 2653 sidus
2342 2587 2648 2654 Valerius
2707 2586 3036 2653 Maximus

670 2689 921 2756 duobus
949 2689 1109 2756 locis
1140 2689 1507 2773 praedicat,
1551 2690 1704 2755 dum
1735 2689 1991 2756 Tiberii
2019 2690 2214 2756 fidem
2252 2698 2514 2772 paterno
2542 2692 2820 2774 avitoque
2847 2689 3042 2754 sideri

666 2811 892 2875 parem
937 2792 1100 2859 dicit
1160 2792 1222 2877 (I
1248 2791 1490 2874 praef.)
1551 2796 1620 2858 et
1663 2793 1735 2858 II
1796 2793 1879 2858 10
1924 2792 2217 2858 affirmat
2274 2793 2429 2857 caeli
2470 2792 2826 2856 clarissima
2881 2812 3042 2875 pars

667 2895 797 2960 divi
830 2896 1154 2977 suberunt
1199 2894 1507 2962 Caesares.
1609 2897 1718 2962 Ad
1778 2897 2051 2962 eandem
2099 2895 2521 2963 divinitatem
2578 2894 2867 2962 recurrit
2914 2895 3036 2961 Oc-

667 2998 898 3065 taviae
940 3004 1139 3081 poeta
1198 3017 1260 3066 v.
1306 3001 1468 3064 476:
1530 3000 1619 3062 sic
1678 2997 1791 3083 (sc.
1853 3000 2080 3062 virtute
2128 2998 2271 3084 sua)
2328 2998 2436 3062 ille
2484 3000 2736 3080 patriae
2781 2999 3037 3082 primus

667 3102 999 3183 Auyustus
1047 3120 1285 3181 parens
1323 3101 1332 3185 Ι
1371 3102 1721 3185 complexus
1776 3107 1948 3165 astra
1993 3106 2098 3168 est.
2198 3101 2424 3182 Neque
2482 3119 2640 3169 vero
2686 3102 3032 3183 Augustus

667 3207 964 3269 mortuus
992 3204 1169 3269 solus
1197 3203 1379 3269 sidus
1411 3203 1674 3270 dicitur.
1738 3203 1980 3271 Vivum
2011 3206 2385 3286 Augustum
2426 3208 2686 3287 spectat
2714 3202 3040 3271 Manilius

666 3304 703 3371 I
746 3306 874 3372 384
898 3324 1067 3389 sqq.:

664 3439 671 3445 ·
1699 3427 1828 3475 uno
1873 3409 2231 3477 vincuntur
2282 3408 2353 3475 in
2398 3412 2577 3475 astro

975 3509 1315 3593 Augusto(
1342 3509 1520 3576 sidus
1564 3516 1788 3577 nostro
1836 3513 2004 3592 quod
2052 3511 2331 3594 contigit
2375 3511 2520 3579 orbi

843 3679 885 3749 ¹)
921 3680 1182 3736 Adiutam
1206 3695 1324 3736 esse
1347 3679 1487 3735 hanc
1510 3679 1815 3749 opinionem
1838 3681 2014 3735 altera
2047 3681 2161 3750 illa,
2198 3696 2338 3749 quae
2374 3688 2526 3737 astra
2548 3681 2784 3750 putabat
2804 3680 3033 3736 numina

666 3778 784 3820 esse
817 3764 1126 3820 hominibus
1161 3765 1442 3835 superiora
1475 3765 1571 3821 vix
1608 3770 1706 3836 est,
1744 3766 1886 3834 quod
1923 3782 2184 3820 moneam.

841 3850 887 3920 ¹)
921 3850 1215 3906 Poetarum
1251 3852 1353 3920 qui
1370 3852 1661 3921 Augustea
1683 3856 1869 3907 aetate
1898 3851 2127 3907 fuerunt
2149 3850 2523 3907 blandimenta
2544 3856 2761 3920 praeter
2784 3851 3045 3907 Platonis.

668 3935 942 3991 doctrinas
976 3936 1169 3991 adiuta
1203 3941 1334 3992 sunt
1379 3937 1718 4006 poematibus
1754 3936 2258 4006 Alexandrinorum,
2313 3936 2409 4004 qui
2453 3953 2612 4007 reges
2659 3939 2784 3992 deos
2829 3937 3034 4006 passim

666 4021 966 4091 nominant,
1002 4038 1055 4077 v.
1093 4039 1136 4076 e.
1163 4023 1484 4078 Callimachi
1517 4024 1701 4091 hymn.
1727 4024 1757 4077 I
1782 4023 1875 4076 79:
1914 4023 1972 4073 ἐκ
2006 4018 2065 4072 δὲ
2100 4023 2238 4077 Διὸς
2271 4020 2495 4088 βασιλῆι»
2469 4043 2522 4078 ες
2556 4024 2671 4074 ἐπεὶ
2706 4022 2843 4078 Διὸς
2876 4018 2999 4073 οὐδὲ
2971 4043 3048 4074 εν

669 4108 918 4159 ἀνάκτων
948 4114 956 4176 ι
986 4107 1283 4178 θειότερον.
1343 4109 1478 4163 Inde
1501 4111 1663 4163 τόπος
1697 4107 1857 4176 quasi
1879 4108 1959 4171 fit,
1994 4113 2060 4163 ut
2083 4107 2342 4164 Caesares
2366 4108 2711 4178 appellentur
2746 4108 2833 4163 dis
2852 4108 3033 4178 yeniti

668 4191 894 4261 deosque
923 4192 1185 4263 qenituri,
1222 4209 1273 4248 v.
1298 4194 1546 4262 exempla
1569 4193 1766 4248 collata
1797 4210 1832 4248 a
1865 4194 1926 4248 F.
1953 4194 1994 4249 C
2008 4209 2111 4248 um
2128 4200 2249 4250 ont
2283 4194 2516 4250 Mithrae
2550 4212 2679 4265 pag.
2704 4194 2805 4249 251
2830 4194 2953 4249 adn.
2979 4194 3032 4249 5.

844 4278 886 4348 ⁸)
921 4278 1098 4333 Simili
1131 4278 1286 4333 modo
1321 4278 1653 4333 Claudianus
1701 4295 1866 4334 carm.
1902 4280 2031 4336 min.
2079 4297 2202 4349 app.
2237 4281 2343 4335 XX
2378 4281 2541 4349 3sqq.
2595 4284 3042 4337 conservatorem.

667 4361 858 4418 mundi
893 4364 960 4418 de
982 4363 1161 4418 astris
1196 4363 1537 4419 delabentem
1571 4363 1722 4433 facit,
1758 4370 1825 4421 ut
1857 4365 2005 4421 inter
2037 4365 2280 4421 homines
2326 4366 2502 4420 vitam
2529 4367 2721 4436 degat.
