3576 5085
648 402 773 468 132
1557 397 1863 452 Guilelmus
1899 396 2114 453 Gundel
2902 396 3021 484 [40

642 572 1031 638 facultatem
1061 569 1264 651 prisci
1291 567 1577 637 homines
1607 586 1735 635 non
1764 567 1969 633 aliter
1992 573 2208 634 mente
2244 568 2375 635 sibi
2406 568 2654 650 fingere
2685 574 3024 653 1101616111,

647 675 777 740 nisi
820 678 897 739 ut
955 672 1257 739 nocivum
1327 670 1510 737 sidus
1570 689 1809 737 numen
1869 670 2133 753 aliquod
2191 671 2582 737 malevolum
2649 672 2754 738 vel
2801 679 3017 737 Κακο-

644 776 925 857 δαίμονα
970 795 1112 841 6666
1143 778 1473 857 putarent.
1564 773 1689 839 Vel
1719 773 1913 839 huius
1942 772 2436 853 superstitionis
2467 773 2758 857 vestigia
2788 794 3016 843 serva·

645 886 888 946 verunt
930 884 1178 959 poetae,
1223 880 1373 943 dnm
1421 878 1501 941 de
1548 875 1725 941 Sirio
1765 877 1931 943 haec
1975 876 2392 957 praedicant:

853 1001 1028 1063 canis*
1071 998 1274 1061 arenti
1318 1001 1547 1061 torreat
1589 1015 1744 1061 arva
1784 997 1896 1059 siti
1940 995 2111 1079 (Tib.
2156 996 2191 1061 Ι
2235 998 2295 1077 4,
2338 997 2440 1063 42.
2486 996 2566 1063 cf.
2617 998 2644 1061 Ι
2694 999 2748 1079 7,
2795 997 2921 1080 21).

847 1101 1041 1165 rubra
1085 1101 1371 1164 canicula
1410 1099 1605 1180 findet
1647 1099 1929 1179 infantes
1969 1103 2210 1162 statuas
2254 1100 2434 1183 (Hor.
2482 1100 2618 1164 sat.
2666 1100 2735 1164 II
2775 1101 2833 1181 5,
2880 1099 3018 1181 39).

849 1205 1060 1270 hiulca
1102 1205 1209 1268 siti
1248 1203 1436 1283 findit
1479 1203 1655 1266 canis
1697 1203 1951 1282 aestifer
1993 1222 2146 1266 arva
2191 1202 2413 1285 (Verg.
2460 1202 2696 1285 Georg.
2749 1202 2819 1266 II
2863 1203 3019 1268 353.

646 1307 724 1372 cf.
770 1308 866 1374 IV
911 1307 1057 1389 424,
1105 1309 1266 1371 Aen.
1312 1305 1417 1369 III
1466 1306 1633 1388 141).

851 1410 1059 1472 nocuit
1103 1461 1116 1472 .
1163 1461 1176 1473 .
1225 1460 1236 1473 .
1282 1408 1493 1471 Sirius
1536 1409 1710 1488 syris
1753 1408 1976 1490 (Mart.
2022 1407 2115 1472 IV
2154 1408 2254 1489 66,
2305 1408 2484 1490 13).¹)

819 1548 947 1613 Sed
977 1565 1105 1613 non
1137 1547 1345 1611 solum
1379 1546 1561 1628 agris
1592 1546 1871 1610 nocebat
1897 1544 2124 1625 8111116,
2157 1544 2347 1608 immo
2380 1544 2576 1608 etiam
2613 1544 3020 1610 animalibus

645 1658 713 1715 et
761 1649 1146 1715 hominibus,
1237 1649 1470 1729 Itaque
1518 1647 1683 1713 dicit
1727 1646 2063 1729 Vergilius
2110 1647 2270 1712 Aen.
2317 1649 2383 1711 X
2430 1649 2587 1712 274:
2633 1648 2804 1709 sitim
2849 1666 3016 1709 mor-

645 1754 865 1834 bosque
916 1753 1128 1833 ferens
1172 1750 1535 1814 mortalibus
1589 1752 1818 1831 (169νὶ6,
1881 1756 1949 1815 61
2008 1749 2386 1830 appellatur
2431 1749 2640 1815 Sirius
2699 1748 3020 1815 letalis

646 1854 840 1933 (Stat.
885 1854 1044 1920 Silv.
1091 1854 1161 1919 II
1204 1857 1254 1934 1,
1302 1855 1472 1938 216),
1517 1853 1902 1935 pestifer
1945 1852 2202 1936 (Avien.
2234 1853 2302 1917 II
2335 1853 2500 1936 728),
2548 1857 3018 1933 protervus

645 1958 789 2041 (Ov.
822 1959 963 2022 Am.
996 1959 1067 2022 II
1101 1959 1197 2038 16,
1230 1959 1312 2041 4),
1359 1957 1719 2022 insanus
1752 1956 1957 2040 (Pers
1989 1956 2095 2021 III
2125 1958 2210 2036 5).
2299 1955 2472 2037 Quin
2505 1955 2704 2020 etiam
2740 1954 3020 2021 effectus.

647 2061 875 2140 quales
935 2061 1004 2125 in
1064 2059 1354 2125 homines
1416 2061 1677 2141 habeat,
1737 2063 1974 2140 patent
2026 2078 2060 2124 e
2119 2057 2435 2124 vaticinio
2497 2060 2576 2123 de
2643 2057 3018 2124 infantibus

646 2162 949 2227 canicula
994 2166 1225 2227 exorta
1268 2162 1446 2227 natis
1493 2164 1644 2227 dato
1692 2181 1732 2226 a
1778 2160 2050 2226 Manilio
2097 2161 2157 2226 V
2202 2161 2328 2227 220
2352 2181 2520 2242 611(1.;

958 2281 1234 2347 effrenos
1280 2281 1529 2346 animos
1576 2280 2000 2360 violentaque
2046 2287 2318 2360 pectora
2363 2281 2586 2363 finget,

957 2385 1333 2464 irarumque
1377 2383 1563 2449 dabit
1607 2383 1843 2449 fluctus
1890 2383 2236 2464 odiumque
2281 2389 2655 2463 metumque

956 2486 1161 2553 totius
1207 2487 1409 2569 vulgi.
1500 2487 1951 2552 Praecurrunt
1988 2488 2224 2568 verba3
2270 2487 2603 2568 loquentis

957 2595 1114 2655 ante
1160 2609 1229 2655 os
1274 2594 1377 2655 est
1407 2591 1680 2673 animus,
1724 2609 1844 2655 nec
1891 2591 2147 2672 magnis
2190 2591 2445 2656 concita
2490 2590 2705 2655 causis

960 2695 1156 2757 corda
1200 2692 1447 2757 micant
1491 2697 1559 2758 et
1604 2692 1835 2774 lingua
1880 2693 2057 2759 rabit
2100 2694 2436 2774 latratque
2481 2692 2884 2776 loquendo.2)

822 2831 1045 2911 Atque
1092 2833 1171 2896 de
1219 2830 1613 2897 animalibus
1658 2850 1699 2895 6
1744 2830 1914 2897 Sirio
1959 2831 2223 2897 vexatis
2268 2832 2464 2912 paulo
2527 2834 2685 2897 ante
2747 2831 3020 2896 dixerat

650 2932 959 2999 Manilius
1004 2954 1064 3001 v.
1112 2936 1425 3015 21361111.;

958 3060 1197 3119 cuncta
1241 3053 1625 3136 peregrinos
1672 3055 1863 3119 orbes
1910 3055 2226 3119 animalia
2273 3060 2617 3136 quaerunt,

959 3161 1161 3235 atque
1208 3161 1362 3237 eget
1408 3155 1684 3221 alterius
1729 3158 2024 3221 mundus
2116 3157 2373 3222 Natura
2419 3156 2695 3221 suismet

959 3263 1269 3340 aegrotat
1312 3258 1556 3323 morbis
1602 3257 1836 3324 nimios
1882 3261 2147 3325 obsessa
2191 3280 2309 3341 per
2354 3265 2593 3325 aestus.

821 3394 932 3459 Ita
974 3414 1129 3461 aves
1175 3394 1415 3460 Sirium
1464 3394 1696 3477 fugere
1744 3394 1908 3460 dicit
1951 3396 2208 3461 Plinius
2248 3398 2395 3462 Nat.
2428 3398 2581 3463 hist.
2615 3398 2851 3462 XVIII
2885 3399 3015 3466 292

649 3504 719 3562 61
764 3497 978 3578 pisces
1025 3498 1244 3579 emori,
1291 3499 1546 3578 quando
1594 3497 1906 3580 exoritur,
1951 3498 2039 3564 ib.
2084 3498 2186 3563 IX
2231 3501 2330 3565 58.
2419 3499 2547 3565 Sed
2593 3506 2750 3566 ante
2797 3500 3016 3567 omnia

650 3599 963 3665 animalia
1033 3619 1230 3665 canes
1298 3620 1338 3665 a
1412 3599 1706 3665 caniculo
1772 3600 2152 3667 afficiuntur
2198 3602 2349 3667 Nat.
2416 3602 2566 3668 hist.
2638 3604 2708 3668 II
2776 3605 2900 3669 107
2923 3602 3012 3689 ⁸):

828 3786 867 3854 ¹)
905 3786 985 3840 cf.
1022 3793 1307 3855 praeterea
1343 3786 1440 3841 Ov.
1478 3788 1629 3841 Fast.
1668 3788 1749 3841 IV
1786 3788 1916 3856 9393
1953 3790 2094 3842 Man.
2132 3790 2160 3842 I
2197 3789 2312 3842 396.
2357 3790 2407 3843 V
2442 3789 2571 3857 2093
2609 3790 2790 3858 Priap.
2829 3790 2911 3858 63,
2950 3790 3017 3858 2;

649 3872 843 3927 Avien.
882 3873 940 3927 ΙΙ
976 3873 1204 3940 72861111.
1242 3879 1300 3927 61
1334 3880 1553 3941 praeter
1586 3880 1802 3942 poetas:
1841 3875 2046 3930 Colum.
2083 3876 2141 3929 II
2178 3874 2261 3943 20,
2302 3876 2347 3929 1.

822 3957 866 4027 2)
902 3959 1061 4012 Τ6116
1097 3959 1352 4028 6611111116,
1408 3975 1547 4026 quae
1583 3961 1824 4028 pendent
1860 3977 1889 4029 e
1927 3961 2318 4014 Chaldaeorum
2355 3961 2670 4032 astrologia,
2708 3962 2887 4018 lucide
2923 3963 3016 4016 de-

653 4050 959 4099 monstrant
992 4045 1195 4098 similes
1233 4045 1510 4112 opiniones
1559 4062 1591 4099 a
1627 4046 1941 4114 Babyloniis
1990 4062 2201 4113 quoque
2237 4046 2404 4101 fnisse
2442 4048 2684 4101 excultas
2739 4064 2873 4116 quas
2909 4048 3022 4101 Ro-

650 4130 799 4184 mani
834 4130 1071 4184 libenter
1107 4138 1445 4198 acceperunt.

825 4215 867 4283 ³)
904 4215 1018 4269 Hoc
1064 4216 1177 4269 loco
1224 4216 1436 4270 Plinius
1482 4218 1745 4271 nonnulla
1781 4217 1936 4271 addit
1981 4218 2047 4271 de
2083 4218 2376 4287 Aegyptiis
2430 4218 2631 4272 Sirium
2678 4218 3016 4285 verentibus,

650 4302 846 4369 quibus
882 4302 1112 4356 adiciam
1138 4302 1343 4356 similes
1368 4303 1624 4356 Indorum
1650 4303 2065 4370 superstitiones
2091 4304 2156 4357 de
2181 4311 2366 4359 aestus
2392 4304 2650 4358 daemone
2689 4306 2783 4372 Ap
2799 4303 2963 4357 aosh
2979 4320 3020 4357 a

648 4389 918 4457 vigentes²
957 4404 1006 4442 v.
1033 4388 1073 4442 J
1083 4389 1339 4441 ackson
1377 4388 1487 4441 Die
1524 4388 1803 4441 iranisclce
1832 4388 2088 4458 Reliyion
2114 4389 2641 4459 (Geiger-Kuhn
2698 4387 3016 4444 Grandi-iss
