3576 5085
468 415 579 495 93]
917 412 999 466 De
1037 412 1319 466 stellarum
1358 408 1720 479 appellatione
1756 415 1814 464 et
1850 408 2116 478 religione
2150 409 2397 463 Romana
2713 410 2838 476 185

471 585 752 649 haltenen
793 581 1211 665 yrieehischen
1254 580 1502 644 Namen
1545 579 1776 662 βότρυς
1807 611 1891 635 =
1930 580 2175 644 Traube
2214 582 2333 662 fiir
2375 581 2475 645 die
2517 580 2839 646 Pleiaden.

470 687 659 769 Quae
705 705 950 768 graeca
1003 704 1132 752 vox
1177 684 1519 765 aptissime
1565 685 1737 749 hanc
1781 702 2136 765 parvarum
2196 683 2446 764 ignium
2495 702 2839 750 coacerva-

470 789 709 855 tionem
775 787 1178 871 signifieat1)
1253 791 1455 866 atque
1532 786 1732 851 etiam
1807 786 2072 851 scholiis
2146 787 2232 851 ad
2304 786 2501 852 Arati
2576 806 2637 852 v.
2713 787 2839 852 254

469 892 780 973 ascriptis
826 890 1128 972 occurrit,
1177 893 1245 955 et
1290 891 1464 969 quod
1508 888 1637 954 iam
1685 890 1982 954 hocloco
2027 907 2287 954 monere
2331 889 2507 970 licet,
2549 889 2657 954 hic
2701 889 2840 954 illic

472 995 541 1059 in
586 994 977 1060 Latinorum
1023 1010 1382 1061 sermonem
1428 994 1697 1072 recepta
1745 995 1864 1056 est.
1950 990 2136 1056 Dicit
2194 990 2367 1057 enim
2407 991 2698 1057 Isidorus
2757 993 2839 1056 de

470 1100 608 1162 nat.
652 1116 778 1162 rer.
823 1095 1058 1161 XXVI
1103 1096 1173 1159 6:
1209 1094 1458 1177 pliades
1499 1098 1651 1157 sunt
1694 1094 1929 1157 multae
1969 1095 2145 1177 iuyes
2185 1094 2409 1176 stellae,
2455 1114 2615 1178 qaas
2656 1096 2840 1157 etiam

471 1199 706 1263 botru
723 1220 785 1262 m
816 1199 1205 1278 appellamus
1234 1218 1274 1259 a
1303 1196 1705 1260 multitudine
1733 1196 2072 1261 stellarum.
2139 1198 2232 1262 Et
2258 1201 2451 1262 notat
2483 1195 2840 1278 Gregorius

472 1301 877 1367 Turonensis
952 1300 1293 1381 episcopus
1359 1299 1466 1383 (de
1540 1317 1736 1364 cursu
1796 1299 2142 1364 stellarum
2210 1318 2262 1365 c.
2319 1300 2416 1364 LI
2472 1301 2570 1365 ed.
2613 1299 2841 1365 Haase

474 1405 750 1469 Vratisl.
797 1403 1019 1486 1853):
1078 1402 1384 1485 Veryilias
1412 1452 1428 1467 .
1459 1453 1474 1467 .
1504 1452 1518 1467 .
1559 1401 1820 1484 quidam
1878 1421 2217 1465 massam
2263 1407 2492 1485 vocant,
2552 1402 2844 1465 nonnulli

473 1505 778 1588 Pleiades,
820 1507 1095 1588 plerique
1138 1524 1276 1568 vero
1321 1504 1791 1569 bair-ionem.

645 1609 898 1673 Harum
934 1607 1271 1674 notionum
1301 1627 1510 1670 massa
1556 1606 1723 1671 nihil
1766 1607 1949 1671 aliud
1980 1607 2251 1674 videtur
2279 1607 2411 1672 nisi
2442 1607 2840 1673 Graecorum

472 1709 720 1792 πλειάς,
766 1710 1148 1791 multitudo,
1204 1710 1275 1774 in
1320 1709 1634 1774 Latinum
1681 1728 2015 1791 conversa,
2076 1714 2145 1774 et
2205 1710 2406 1773 butrio
2466 1713 2841 1789 corruptum

474 1832 512 1878 e
558 1813 958 1879 Graecorum
1000 1812 1281 1895 βότρυον.
1384 1813 1625 1878 Utrum
1685 1811 1799 1891 qui
1844 1830 2067 1877 vocem
2133 1812 2357 1877 butrio
2416 1812 2699 1894 scripsit,
2761 1815 2843 1877 de

474 1917 690 1981 trione
757 1916 1186 1997 cogitaverit,
1243 1914 1312 1979 id
1375 1917 1546 1994 quod
1606 1913 1899 1979 Haasius
1957 1913 2200 1995 voluit,
2266 1933 2472 1980 necne
2532 1913 2842 1980 dirimere

475 2037 604 2083 non
660 2020 884 2083 aude0.

650 2120 875 2199 Neque
949 2138 1161 2182 massa
1219 2137 1433 2199 neque
1491 2118 1703 2182 botrus
1761 2125 1899 2183 tam
1962 2120 2099 2184 late
2157 2118 2452 2200 viguisse
2513 2119 2843 2201 videntur,

474 2242 667 2303 quam
713 2223 1016 2303 veryilz‘ae,
1064 2239 1339 2301 quarum
1377 2240 1629 2304 nomen,
1678 2227 1752 2286 ut
1799 2222 2163 2303 exemplum
2196 2222 2485 2305 afferam,
2529 2222 2597 2287 in
2644 2222 2843 2287 Plinii

475 2325 769 2390 naturali
814 2325 1093 2390 historia
1153 2324 1380 2391 tricies
1440 2324 1581 2390 fere
1639 2324 1907 2410 extat.²)
2011 2325 2239 2405 Neque
2301 2324 2669 2408 defuerunt,
2731 2326 2843 2405 qui

475 2426 759 2510 Vergilii
836 2435 1070 2507 poetae
1128 2445 1362 2492 nomen
1430 2447 1575 2493 cum
1634 2425 1760 2492 hac
1820 2428 2162 2493 stellarum
2238 2428 2681 2508 appellatione
2741 2447 2844 2493 co-

474 2535 848 2611 necterem,
911 2535 986 2595 ut
1055 2534 1233 2595 esset
1305 2530 1516 2595 fatum
1587 2530 1727 2596 eius
1803 2550 1948 2596 cum
2017 2530 2313 2613 vergulis
2390 2530 2841 2612 coniunctum3

477 2652 536 2698 v.
580 2633 877 2699 Pottium
938 2633 977 2696 l.
1020 2633 1060 2696 l.
1121 2651 1181 2712 p.
1227 2634 1371 2697 286.
1473 2633 1552 2697 Id
1605 2634 1961 2699 cohaerere
2023 2652 2167 2698 cum
2225 2633 2509 2714 virgulis
2569 2639 2845 2715 constat,

477 2738 596 2799 sed
655 2734 883 2814 quales
942 2735 1240 2816 virgulas
1308 2739 1463 2799 ante
1538 2735 1755 2799 oculos
1815 2735 2128 2800 habuerit
2194 2736 2474 2801 nominis
2537 2738 2846 2802 inventor

480 2836 824 2900 nescimus,

651 2937 968 3021 PleiaS,
1014 2938 1184 3002 -adis
1224 2938 1402 3004 fem:
1448 2940 1570 3006 hoc
1616 2959 1656 3004 a
1703 2939 1976 3006 Graecis
2022 2944 2311 3006 tractum
2358 2945 2478 3023 est,
2523 2961 2564 3006 a
2608 2941 2846 3021 quibus

479 3040 549 3105 id
631 3041 812 3106 sidus
894 3044 1013 3105 aut
1087 3041 1411 3123 singulari
1478 3062 1742 3108 numero
1818 3041 2052 3119 πλειάς
2120 3044 2298 3125 (Eur.
2372 3044 2519 3124 Iph.
2594 3045 2744 3109 Aul.
2805 3047 2844 3110 8

479 3141 663 3226 ἔγγὺς
705 3151 814 3227 τῆς
859 3138 1233 3227 ἑπταπόρου
1277 3143 1611 3229 πλειάδος)
1658 3150 1774 3211 aut
1828 3146 2073 3227 plurali
2116 3144 2424 3222 πλειάδες
2468 3147 2688 3231 (Rhes.
2719 3148 2847 3214 530

478 3245 847 3330 ἑπτάποροι
890 3244 1198 3321 πλειάδες
1254 3243 1565 3332 αἰθερίαι)
1626 3248 1902 3329 dicitur3
1976 3250 2184 3315 tertia
2250 3252 2571 3330 quaedam
2638 3249 2846 3316 forma

479 3354 626 3415 erat
682 3347 951 3425 πελειάς
1008 3350 1190 3431 (Eur.
1236 3350 1342 3416 Or.
1391 3352 1558 3416 1005
1622 3349 1992 3435 ἑπταπόρου
2035 3373 2105 3414 τε
2165 3349 2463 3436 δράμημα
2506 3351 2849 3430 πελειάδος

477 3452 619 3517 iure
681 3452 1048 3538 restituta).
1148 3453 1481 3535 Quomodo
1548 3454 1712 3519 haec
1778 3455 2037 3521 Graeca
2096 3473 2223 3519 vox
2283 3455 2680 3536 explicanda
2740 3456 2846 3540 sit,

479 3559 659 3620 certo
703 3558 986 3621 nondum
1021 3561 1297 3621 constat.
1386 3556 1619 3622 Plures
1665 3557 1844 3621 inter
1889 3575 1959 3622 se
1998 3561 2264 3622 certant
2309 3557 2650 3639 opiniones
2693 3560 2847 3624 inde

478 3658 561 3720 ab
608 3658 900 3738 antiquis
946 3658 1435 3742 temporibus-⁹³)
1482 3678 1758 3740 quarum
1821 3679 1935 3725 eas
1994 3665 2259 3725 tantum
2326 3667 2618 3743 tangam,
2678 3679 2847 3742 quae

481 3759 791 3825 Romanis
835 3779 1089 3841 quoque
1134 3761 1582 3827 innotuerunt.
1670 3761 1960 3828 Primum
2020 3761 2136 3837 τὰς
2178 3761 2496 3839 πλειάδας
2539 3764 2849 3829 derivant

403 3946 413 3957 ⁶
482 3858 619 3923 ἀπὸ
663 3871 775 3924 τοῦ
818 3860 1021 3946 πλεῖν,
1084 3867 1255 3944 quod
1300 3865 1524 3930 nautis
1584 3864 1849 3931 oriendo
1921 3870 1987 3930 et
2049 3865 2396 3932 occidendo
2457 3867 2720 3932 initium
2779 3871 2849 3932 et

660 4047 698 4117 ¹)
737 4047 994 4103 Conferas
1026 4048 1376 4105 Slovenorum
1412 4066 1607 4105 nomen
1627 4051 1942 4121 yostosensi,
1981 4051 2069 4106 die
2093 4052 2483 4121 Dichtyesaten
2518 4053 2725 4107 Grimm
2751 4053 2786 4108 l.
2811 4053 2847 4107 l.
2947 4033 2951 4037 ⁸

481 4150 531 4202 p.
569 4132 672 4187 608
708 4138 767 4188 et
805 4136 902 4186 τετυ
940 4134 1153 4188 tewclws
1182 4159 1254 4180 =
1288 4135 1384 4189 cler
1418 4136 1596 4190 dichte
1631 4136 1869 4203 Haufen
1905 4137 1977 4192 ib.
2016 4139 2104 4192 111
2139 4155 2189 4206 p.
2227 4139 2329 4192 213
2365 4155 2406 4193 ε.
2443 4138 2561 4192 608.

653 4218 695 4289 ²)
733 4219 960 4274 Nescius
1002 4236 1120 4275 sum
1140 4265 1151 4290 ‚
1212 4238 1378 4288 quare
1425 4223 1588 4278 Arati
1635 4229 2087 4278 commentatores
2133 4240 2541 4292 nonnumquam
2589 4222 2847 4291 vergilias

482 4305 549 4358 ad
568 4305 899 4360 Graecorum
916 4302 1069 4370 χηλαὶ
1089 4307 1492 4377 transtulerint,
1511 4324 1564 4363 v.
1584 4308 1640 4361 M
1655 4324 1687 4361 a
1701 4326 1733 4363 a
1747 4326 1772 4363 s
1786 4325 1812 4363 s
1825 4308 1845 4362 i
1858 4324 1895 4363 u
1909 4325 1962 4362 m
1983 4325 2035 4377 p.
2061 4308 2162 4362 158
2181 4326 2260 4376 sq.
2287 4327 2338 4365 v.
2360 4308 2441 4376 50,
2462 4325 2513 4376 p.
2535 4308 2650 4376 195,
2677 4307 2846 4375 18119.

655 4390 1431 4460 ⁸)v.Vanicekium18.
1468 4410 1519 4462 p.
1557 4393 1676 4447 526.
