3576 5085
540 438 689 526 149]
758 415 761 417 ‚
985 440 1067 493 De
1105 438 1384 493 stellarum
1422 437 1786 506 appellatione
1824 444 1882 492 et
1915 437 2179 508 religione
2214 439 2460 493 Romana
2772 442 2895 507 241

537 616 717 677 tores
762 609 1042 676 Romani
1083 610 1263 674 inter
1307 608 1535 674 stellas
1593 607 2048 692 migraverint,
2108 628 2309 691 supra
2354 628 2500 692 pag.
2546 611 2669 675 132
2714 630 2901 677 enar-

537 718 756 780 ratum
803 717 919 778 est.

707 816 902 881 Hunc
948 832 1150 879 unum
1208 815 1448 879 bonum
1517 818 1836 879 cometam
1888 813 2169 879 laudant
2201 814 2563 901 Romanist)
2624 816 2902 882 colorem

537 917 785 1000 posteri
815 917 1131 983 blandum
1164 915 1492 999 dixerunt,
1522 916 1977 981 mathematici
2005 914 2297 982 faustum
2335 916 2402 981 id
2433 918 2618 982 sidus
2663 922 2904 998 putant

537 1037 944 1101 quacumque
990 1017 1160 1083 caeli
1203 1018 1471 1100 regione
1516 1023 1858 1099 appareat.
1959 1017 2069 1083 Sic
2128 1018 2292 1084 dicit
2350 1018 2534 1086 Serv.
2591 1020 2663 1085 in
2705 1023 2903 1103 Verg.

539 1124 703 1187 Aen.
748 1122 816 1186 X
856 1121 1018 1206 272:
1066 1126 1152 1183 est
1192 1121 1378 1183 etiam
1421 1119 1580 1183 alter
1623 1127 1869 1184 cometes
1917 1122 2030 1204 qui
2070 1141 2204 1183 vere
2246 1128 2497 1185 cometes
2540 1122 2904 1204 appellatur,

540 1245 690 1287 nam
738 1224 928 1287 comis
970 1221 1112 1285 hinc
1169 1222 1314 1286 inde
1358 1224 1654 1303 cinyitur.
1753 1221 1886 1287 Hic
1941 1222 2212 1287 blandus
2267 1244 2387 1287 esse
2444 1223 2692 1289 dieitur.
2784 1224 2909 1303 Qui

538 1329 595 1390 si
638 1327 927 1390 orientem
971 1325 1311 1408 attenderit,
1353 1325 1546 1389 laetas
1587 1346 1688 1389 res
1712 1327 1841 1406 ipsi
1876 1327 2052 1405 parti
2078 1324 2393 1408 siqnifi'cat
2406 1345 2428 1403 ,·
2467 1327 2528 1389 si
2569 1326 2905 1410 meridiem,

541 1429 812 1509 Africae
853 1434 967 1491 aut
1000 1429 1277 1511 Aeyypto
1314 1428 1556 1512 qaudia
1569 1451 1593 1511 ,·
1636 1430 1697 1492 si
1723 1428 2086 1492 occidentem
2114 1430 2467 1511 inspexerit,
2511 1435 2678 1492 terra
2710 1427 2906 1492 Italia

540 1533 664 1595 voti
720 1535 824 1595 sui
869 1550 1110 1614 compos
1152 1532 1285 1597 erit.
1386 1530 1514 1595 Hic
1569 1531 1803 1595 dicitur
1860 1533 2255 1615 apparuisse,
2321 1550 2439 1615 quo
2499 1538 2764 1611 tempore
2819 1537 2909 1595 est

488 1622 494 1630 ’
539 1633 868 1715 Auyustus
907 1635 1160 1698 sortitus
1200 1635 1531 1715 imperium
1547 1656 1571 1716 ;
1615 1640 1763 1697 tunc
1807 1633 2069 1717 denique
2108 1634 2349 1718 qaudia
2391 1634 2671 1697 omnibus
2710 1634 2905 1715 penti-

542 1736 658 1801 bus
697 1737 927 1817 futura
970 1741 1120 1800 sunt
1163 1739 1474 1801 nuntiata.
1566 1736 1639 1799 Si
1694 1738 2178 1816 septemtrionem
2223 1735 2568 1816 attenderit,
2608 1755 2908 1818 prospera

543 1841 834 1903 universa
861 1837 1192 1920 siqnificat.
1277 1840 1371 1904 At
1401 1837 1732 1920 expressis
1762 1838 1987 1904 verbis
2016 1857 2145 1905 non
2176 1838 2471 1904 traditur
2501 1839 2621 1904 hoc
2653 1838 2720 1905 C.
2748 1838 2908 1903 Iulii

546 1940 850 2007 Caesaris
895 1947 1148 2006 astrum
1192 1941 1431 2006 iterum
1475 1942 1690 2008 visum
1736 1945 1807 2006 et
1850 1940 2146 2022 agnitum
2192 1941 2410 2026 esse.²)

715 2042 848 2109 Vix
881 2048 985 2109 est
1015 2045 1189 2123 quod
1211 2062 1555 2109 memorem
1588 2043 1795 2109 fuisse
1827 2045 1909 2109 de
1935 2044 2202 2110 cometis
2225 2049 2296 2109 et
2317 2043 2909 2110 Alexandrinorum

545 2145 828 2212 fabulas
916 2145 1044 2212 His
1088 2146 1363 2212 Electra
1403 2146 1748 2212 Pleiadum
1794 2164 1976 2212 soror
2017 2150 2418 2213 memoratur
2461 2148 2571 2213 vel
2603 2147 2910 2213 Orionem

543 2248 808 2330 fugiens
854 2249 1032 2314 caelo
1065 2248 1428 2314 decessisse
1457 2249 1567 2314 vel
1597 2248 1906 2315 incendia
1936 2250 2175 2315 Troiae
2212 2259 2282 2315 et
2311 2249 2656 2315 interitum
2688 2249 2909 2332 gentis

544 2369 707 2416 suae
737 2350 984 2417 deflens
1015 2357 1219 2433 caput
1247 2352 1535 2418 nubibus
1567 2351 1868 2417 cinxisse.
1944 2351 2111 2417 Sede
2144 2360 2326 2417 certa
2357 2370 2647 2418 sororum
2678 2370 2911 2417 carens

544 2472 1025 2534 nonnumquam
1056 2454 1462 2536 conspicitur
1492 2473 1718 2520 errare
1748 2455 1822 2519 in
1853 2456 2031 2522 caelo
2063 2455 2486 2538 diffusamque
2513 2475 2715 2519 comas
2743 2456 2915 2518 cerni

547 2559 856 2641 erinisque-
897 2557 1083 2621 soluti
1121 2558 1128 2641 Ι
1169 2560 1510 2622 monstrari
1551 2556 1820 2642 effiqiem
1887 2558 2049 2624 dicit
2091 2558 2393 2625 Avienus
2437 2559 2509 2624 II
2551 2559 2678 2625 593
2735 2557 2913 2643 (vide

554 2659 755 2726 etiam
801 2660 982 2725 Serv.
1027 2661 1111 2725 ad
1156 2661 1320 2725 Aen.
1365 2661 1432 2724 X
1476 2661 1647 2741 272).

1521 2920 1933 2927 ——.——-—-

1295 3188 1340 3292 ξ
1377 3202 1450 3268 4.
1536 3200 1658 3267 De
1711 3198 1849 3267 via
1900 3198 2165 3268 lactea

719 3375 970 3443 Ultimo
1029 3376 1168 3441 loco
1238 3377 1318 3442 de
1378 3378 1528 3442 albo
1581 3375 1698 3442 illo
1757 3376 1983 3442 balteo
2041 3395 2350 3460 agamuS,
2410 3395 2598 3457 quem
2660 3375 2912 3442 serenis

547 3479 851 3546 noctibus
929 3497 1048 3544 nos
1124 3497 1377 3560 quoque
1454 3478 1855 3545 admiramur
1912 3479 2173 3546 nomine
2231 3481 2403 3560 quod
2462 3499 2504 3544 a
2567 3479 2913 3546 veteribus

723 3650 765 3719 ¹)
799 3650 1027 3705 Praeter
1053 3650 1372 3718 Augustum
1397 3654 1456 3703 et
1487 3648 1829 3703 Mithridatis
1857 3647 2035 3718 gloria
2059 3648 2338 3716 praedicta
2364 3653 2530 3716 atque
2552 3648 2774 3704 firmata
2796 3655 2918 3705 erat

550 3749 648 3802 per
682 3740 963 3804 cometam,
1000 3751 1052 3789 v.
1088 3735 1287 3789 Iustin.
1312 3735 1499 3802 Pomp.
1526 3734 1698 3798 Trogi
1733 3734 1923 3788 histor.
1948 3734 2182 3802 Philipp.
2209 3734 2339 3802 epit.
2364 3734 2634 3789 XXXVII
2668 3735 2733 3790 2:
2771 3737 2824 3789 et
2856 3751 2915 3788 eo

553 3834 657 3886 quo
686 3817 907 3888 genitus
943 3822 1024 3873 est
1057 3836 1205 3873 anno
1241 3823 1296 3874 et
1329 3837 1389 3874 co
1426 3836 1528 3888 quo
1563 3836 1798 3889 reynare
1834 3820 2088 3888 primum
2123 3819 2303 3888 coepit
2344 3819 2503 3874 stella
2550 3823 2774 3875 cometes
2809 3837 2916 3889 per

552 3906 847 3971 utrumque
885 3907 1095 3973 tempus
1130 3905 1478 3974 septuagenis
1514 3905 1703 3959 diebus
1737 3905 1826 3959 ita
1851 3904 2013 3973 luxit,
2049 3907 2118 3958 ut
2151 3904 2361 3959 caelum
2397 3921 2554 3958 omne
2578 3904 2917 3975 conflagrare

550 3988 846 4044 videretur.
916 3989 1067 4044 Nam
1103 3992 1158 4043 ct
1189 3990 1571 4059 maynitudine
1605 3990 1698 4045 sui
1733 3993 1996 4058 quartam
2027 3993 2252 4059 partem
2299 3990 2437 4045 caeli
2472 3993 2831 4060 occupaverat
2862 3994 2919 4045 et

549 4072 766 4145 fulyore
805 4076 895 4128 sui
941 4075 1074 4129 solis
1119 4074 1357 4129 nitorem
1401 4075 1637 4142 vicerat,·
1683 4079 1738 4130 et
1783 4092 1908 4130 cum
1956 4079 2204 4130 oreretur
2247 4075 2627 4144 occideretque,
2675 4079 2916 4145 quatuor

550 4159 817 4215 horarum
852 4159 1094 4229 spatium
1131 4160 1491 4214 consumebat.

725 4245 767 4316 ²)
802 4246 957 4301 Unus
994 4246 1323 4301 Claudianus
1360 4247 1526 4301 semel
1559 4248 1631 4301 ad
1664 4248 1807 4303 hanc
1852 4247 2156 4318 opinionem
2205 4247 2446 4302 alludere
2494 4246 2715 4302 videtur
2729 4288 2743 4316 ‚
2790 4263 2913 4301 cum

552 4338 784 4400 quaerat
820 4332 887 4386 de
934 4332 1097 4387 stella
1143 4332 1326 4387 subito
1372 4332 1432 4387 in
1469 4332 1557 4387 die
1605 4335 1851 4389 elucente
1899 4334 2043 4389 VIII
2092 4333 2220 4403 189,
2268 4339 2455 4388 utrum
2501 4348 2699 4400 parens
2744 4332 2916 4387 fuerit

548 4418 806 4489 Augusta
840 4434 912 4472 an
947 4417 1063 4472 divi
1099 4418 1190 4474 avi
1225 4418 1390 4475 sidua.
