3576 5085
521 379 589 468 9]
969 379 1053 433 De
1087 378 1371 434 stellarum
1411 377 1776 448 appellatione
1812 383 1871 433 et
1906 377 2170 448 religione
2204 379 2451 434 Romana
2767 382 2889 448 101

522 550 640 618 ubi
697 553 1198 617 commemorata
1241 549 1480 616 vocula
1521 568 1851 630 vesperuyo
1892 547 2117 632 pergit
2164 549 2404 616 Varro:
2461 569 2597 614 eam
2646 549 2895 633 Opilius

519 652 734 718 serthit
785 652 1152 736 Vasperwm5
1202 653 1415 732 itaque
1457 651 1692 716 dicitur
1734 651 2004 715 alterum
2057 650 2279 733 Vesper
2323 651 2514 730 adest,
2575 672 2752 734 quem
2796 652 2892 717 di-

520 761 670 820 cunt
732 754 960 821 Graeci
1024 753 1411 839 ὄιεσπέριον.
1517 754 2013 820 Coniunxerunt
2092 754 2273 821 inter
2338 773 2410 820 se
2454 756 2587 824 viri
2656 757 2893 841 docti1)

521 860 788 925 alterum
843 877 1064 940 vesper,
1122 859 1296 924 unde
1339 876 1547 939 vesper
1596 857 1902 923 neutrius
1950 856 2215 939 generis
2248 856 2458 923 fuisse
2487 862 2895 940 sequeretur.

406 1005 408 1007 »
525 961 655 1029 Sed
697 962 820 1028 hoc
862 961 963 1027 ita
1007 979 1080 1028 se
1123 961 1368 1027 habere
1412 961 1818 1044 negaverim.
1904 959 2076 1025 Nam
2132 964 2211 1027 ut
2266 960 2337 1026 in
2381 960 2715 1042 prioribus
2760 981 2894 1025 eam

523 1082 731 1148 genus
774 1062 1129 1145 assumpsit
1157 1083 1200 1129 a
1240 1063 1653 1144 vaspemyine,
1698 1061 1801 1128 ita
1840 1063 1911 1127 in
1953 1062 2271 1129 extremis
2316 1083 2493 1145 quem
2524 1065 2895 1131 necessario

440 1252 447 1258 ἢ
524 1187 566 1233 a
608 1186 856 1248 vespero
896 1166 1256 1233 masculino
1304 1166 1518 1232 traxit
1560 1165 1994 1232 masculinum
2053 1184 2277 1249 genus,
2376 1166 2558 1233 Unde
2598 1172 2896 1252 apparet,

523 1271 788 1336 alterum
844 1287 1070 1337 vocem
1113 1287 1240 1335 non
1285 1269 1634 1336 cohaerere
1694 1287 1841 1334 cum
1884 1288 2105 1352 vesper,
2165 1270 2283 1335 sed
2326 1273 2511 1335 stare
2568 1289 2693 1352 per
2746 1270 2895 1354 se.²)

524 1373 709 1456 Quae
754 1371 912 1454 quid
956 1371 1087 1438 sibi
1130 1371 1301 1438 velit
1332 1375 1450 1437 aut
1491 1373 1804 1453 quomodo
1835 1373 2243 1438 emendanda
2282 1370 2391 1455 sit,
2432 1373 2684 1439 nescio:
2730 1372 2897 1439 satis

525 1476 754 1556 habe0,
800 1476 952 1541 dum
996 1475 1121 1541 hoc
1163 1474 1304 1541 loco
1350 1474 1521 1540 nihil
1565 1475 2007 1540 demonstrari
2056 1476 2138 1541 de
2182 1479 2417 1541 neutro
2463 1494 2707 1558 genere
2751 1494 2899 1558 pro-

526 1578 788 1644 bavero,
875 1578 1242 1645 Secundum
1288 1579 1459 1658 quod
1503 1576 1574 1642 in
1635 1596 1898 1643 censum
1944 1581 2224 1644 vocatur
2284 1578 2734 1645 testimonium
2793 1582 2899 1644 est

528 1681 610 1746 de
652 1681 693 1746 l.
738 1681 779 1747 1.
824 1681 928 1747 IX
975 1682 1086 1747 73:
1133 1682 1336 1762 maqis
1378 1700 1561 1744 mane
1601 1679 1919 1762 svfynificat
1952 1682 2235 1762 primum
2282 1701 2481 1759 mane,
2529 1682 2731 1762 νεαρὰς
2770 1701 2898 1744 ves-

517 1802 668 1864 pere
739 1784 1141 1848 novissimum
1207 1803 1431 1864 vesper.
1550 1783 1682 1849 Sed
1748 1782 1858 1847 hic
1923 1784 2358 1847 membrorum
2434 1782 2548 1863 qui
2620 1788 2901 1849 vocatur

526 1885 973 1966 parallelismo
1013 1885 1390 1968 postulatur
1435 1885 1606 1964 quod
1649 1883 1727 1949 L.
1771 1883 2059 1966 Spengel
2117 1883 2455 1966 proposuit
2500 1885 2900 1949 novissimum

527 2006 783 2069 vespere.
843 1986 1028 2069 Quae
1059 2005 1207 2052 cum
1234 1986 1337 2052 ita
1366 1987 1520 2070 sint,
1564 2004 1800 2052 nomen
1826 1984 1936 2049 hoc
1964 2005 2174 2066 vesper
2202 1990 2542 2068 tamquam
2573 1986 2902 2053 incertum

528 2088 709 2154 inter
751 2093 968 2155 certas
1004 2088 1241 2154 stellae
1285 2089 1624 2155 Venereae
1669 2087 2152 2170 appellationes
2197 2087 2494 2155 inserere
2535 2089 2734 2156 nolui.

700 2191 991 2258 Restant
1020 2190 1231 2274 igitur
1259 2209 1422 2260 vera
1462 2190 1634 2258 astri
1664 2189 2030 2273 vespertini
2067 2191 2335 2257 nomina
2362 2211 2570 2273 vesper
2597 2231 2682 2238 -
2714 2191 2900 2259 cuius

528 2314 571 2360 a.
597 2295 810 2361 latere
852 2297 994 2361 stat
1020 2294 1311 2376 hesperus
1339 2294 1481 2361 sive
1511 2294 1811 2376 hesper-03,
1856 2313 2108 2376 vespera
2135 2330 2223 2342 —
2251 2314 2598 2376 casperuyo.
2644 2295 2788 2361 Iam
2831 2295 2904 2361 in

529 2416 606 2464 eo
649 2401 768 2481 est,
813 2401 891 2463 ut
925 2396 995 2463 in
1041 2416 1262 2464 eorum
1292 2396 1725 2479 veriloquium
1755 2397 2179 2478 inquiramus.
2268 2397 2412 2464 Hoc
2456 2417 2657 2464 unum
2699 2397 2901 2464 idem-

532 2519 657 2583 que
701 2500 999 2568 omnibus
1046 2519 1190 2568 esse
1231 2499 1443 2582 primo
1473 2502 1703 2568 obtuto
1742 2505 2038 2584 apparet,
2075 2502 2361 2567 redeunt
2389 2500 2573 2568 enim
2608 2503 2698 2567 ad
2742 2502 2901 2565 *ves-

519 2624 723 2687 per-08.
813 2604 1002 2688 Quod
1062 2604 1217 2670 olim
1261 2604 1663 2671 Graecorum
1707 2604 1916 2671 fuisse
1960 2606 2282 2686 probatur
2326 2604 2643 2671 Locrensi
2702 2604 2902 2671 titulo

526 2707 691 2775 IGA
736 2708 863 2772 321
911 2726 953 2773 a
1000 2706 1083 2772 10
1141 2712 1414 2790 Λοκρῶν
1463 2717 1591 2769 τῶν
1632 2708 2013 2789 Γεσπαρίων
2036 2706 2119 2791 8);
2181 2707 2577 2773 Latinorum
2635 2707 2903 2774 litteras

531 2827 605 2872 os.
639 2808 781 2875 fere
822 2807 1069 2889 ubique
1109 2808 1470 2889 interiisse,
1514 2807 1629 2873 ubi
1673 2812 1826 2889 post
1855 2810 2124 2874 brevem
2154 2808 2455 2875 vocalem
2493 2814 2561 2874 et
2604 2809 2902 2875 litteram

534 2907 835 2975 caninam
878 2909 1265 2992 extiterant,
1325 2909 1734 2976 notissimum
1788 2908 1969 2993 est.⁴)
2056 2908 2189 2975 Sed
2233 2914 2311 2975 ut
2355 2907 2666 2993 *vesperos
2722 2910 2903 2977 illius

533 3010 855 3093 originem
902 3010 1265 3096 expediam,
1323 3031 1453 3078 non
1498 3012 1707 3096 valeo,
1754 3030 1967 3093 neque
2013 3013 2102 3077 ad
2143 3011 2321 3077 hunc
2367 3012 2536 3077 diem
2586 3016 2903 3093 quantum

533 3112 726 3181 video
771 3115 858 3181 ab
889 3114 1042 3180 aliis
1081 3119 1263 3180 certa
1306 3118 1568 3181 statuta
1598 3118 1703 3181 est
1746 3114 1944 3181 huius
1977 3113 2158 3182 vocis
2197 3113 2611 3197 etymologia.
2698 3115 2904 3181 Puta-

533 3220 728 3283 verat
810 3218 1137 3298 quondam
1216 3235 1277 3284 v.
1343 3220 1404 3284 d.
1472 3219 1638 3284 Lud.
1694 3216 2168 3283 Doderlein
2242 3216 2407 3302 (Lat.
2477 3216 2707 3299 Synon.
2770 3217 2909 3281 und

531 3318 803 3401 Etymol.
843 3320 942 3388 VI
985 3320 1140 3406 400)
1180 3338 1423 3386 nexum
1470 3321 1795 3402 quendam
1837 3312 2253 3386 intercedere
2299 3320 2479 3386 inter
2518 3315 2792 3405 ἕσπερος
2837 3328 2905 3387 et

535 3420 861 3489 σπέσθαιε
902 3420 1247 3508 ἕσπεσθαι,
1286 3424 1644 3490 secundum
1689 3441 1879 3504 quem
1926 3442 2139 3504 vesper
2180 3421 2269 3489 sit
2315 3422 2532 3507 stella,
2593 3441 2763 3504 quae
2805 3442 2907 3490 se-

533 3531 792 3608 quatur.
880 3527 1009 3593 Sed
1053 3526 1165 3593 hic
1222 3526 1370 3593 ideo
1429 3524 1636 3593 falsus
1682 3530 1804 3608 est,
1866 3524 2021 3607 quia
2077 3524 2271 3592 verbi
2330 3521 2655 3589 ἓσπεσθαι
2713 3526 2906 3592 radix

533 3646 661 3696 non
710 3648 753 3695 a
794 3630 859 3713 F,
904 3634 980 3695 ut
1009 3630 1352 3713 Γέσπερος,
1392 3628 1650 3712 incipit,
1693 3630 1811 3695 sed
1856 3648 1897 3693 a
1928 3648 1999 3694 o:
2045 3634 2146 3695 est
2192 3627 2365 3694 enim
2413 3628 2645 3714 σεπᾼ)
2719 3629 2906 3695 Haec

708 3848 750 3913 ²)
783 3848 994 3904 Horum
1018 3849 1359 3905 coniecturae
1382 3848 1442 3904 in
1465 3848 1529 3905 L.
1554 3848 1792 3917 Spengel
1816 3848 2053 3904 editione
2077 3848 2419 3904 Varroniana
2442 3854 2734 3919 congestae
2758 3856 2904 3905 sunt.

710 3932 756 4003 ²)
790 3934 944 4001 Quod
980 3936 1029 3990 si
1074 3950 1266 3992 verum
1309 3938 1424 4003 est,
1470 3950 1579 3989 non
1627 3933 2001 3990 dubitabimus
2047 3934 2215 3990 verba
2259 3933 2459 4003 Vesper
2505 3933 2662 3989 adeat
2704 3935 2907 3990 referre

537 4018 609 4073 ad
644 4018 851 4074 Catulli
884 4036 929 4075 c.
964 4021 1124 4075 LXII
1159 4020 1207 4074 1.

712 4102 755 4174 ⁸)
792 4124 861 4176 αρ
884 4121 982 4174 pro
1005 4124 1064 4175 ερ
1088 4105 1165 4161 ibi
1189 4120 1221 4161 e
1242 4105 1535 4161 Locrorum
1560 4121 1708 4161 more
1729 4105 1969 4174 ponitur,
1994 4121 2049 4160 v.
2075 4105 2139 4160 G.
2164 4105 2355 4174 Meye
2369 4122 2396 4159 r
2434 4104 2651 4160 Griech.
2682 4104 2908 4160 Θνανη.8

533 4207 585 4259 p.
621 4189 719 4245 59:
755 4190 1165 4259 Brugmann
1217 4190 1436 4247 Griech.
1478 4190 1873 4246 Grammatik³
1907 4207 1961 4259 p.
1996 4190 2080 4246 67.

706 4275 755 4345 ⁴)
789 4275 1322 4345 Lindsay-Nohl
1357 4276 1488 4332 Lat.
1526 4276 1769 4346 Sprache
1802 4294 1856 4346 p.
1892 4276 2012 4331 428.

708 4359 753 4431 ⁸)
790 4362 855 4417 G.
903 4361 1053 4430 Mey
1067 4378 1138 4417 er
1179 4360 1399 4418 Griech.
1442 4361 1664 4417 Gram.⁸
1710 4379 1763 4431 p.
1801 4361 1921 4418 296.
2004 4362 2123 4429 Qua
2182 4362 2394 4417 ratione
2430 4359 2783 4429 explicandus
2831 4361 2908 4416 sit
