3576 5085
525 404 673 493 131]
974 405 1057 459 De
1092 366 1376 459 stellarum
1414 401 1781 473 appellatione
1800 401 1874 457 ‘et
1909 400 2173 470 religione
2208 400 2453 456 Romana
2633 439 2644 446 .
2762 402 2889 482 223

831 579 1305 658 cognatumque
1348 592 1627 655 sequens
1676 591 1914 655 corpus
1959 591 2030 639 se
2060 572 2323 655 quaerit
2367 572 2438 638 in
2483 571 2704 639 astris.

694 680 1027 745 Incertum
1071 682 1188 759 est,
1234 695 1320 742 an
1352 695 1435 743 ex
1474 676 1735 742 Graeca
1779 694 1867 741 an
1912 694 1949 741 e
1975 674 2274 741 Romana
2318 673 2625 757 opinione
2667 693 2891 741 mana-

520 782 774 864 verint,
848 799 1019 862 quae
1086 781 1169 845 de
1234 778 1580 846 Hadriano
1651 777 1928 844 Antinoi
1995 777 2245 844 obitum
2312 776 2597 844 deflente
2661 782 2893 844 narrat

519 883 646 950 Dio
682 882 947 949 Cassius
976 882 1209 948 LXJX
1241 883 1352 947 ll:
1398 880 1510 944 καὶ
1550 879 1734 957 τέλος
1779 877 2016 965 ἀστέρα
2059 878 2200 943 τινὰ
2245 878 2435 956 αὐτός
2475 901 2547 943 τε
2589 876 2777 967 ὁρῶν,
2802 878 2894 955 ὡς

517 995 631 1051 τοῦ
667 981 964 1051 Ἀντινόου
1023 981 1175 1048 ὄντα
1219 980 1394 1067 ἔλεγε
1452 983 1561 1047 καὶ
1611 993 1740 1046 τῶν
1784 981 2092 1047 συνόντων
2142 980 2313 1065 αὐτῷ
2358 981 2895 1064 μυθολογούντων

517 1086 721 1171 ἡδέως
774 1087 1062 1173 ἤκουσεν,
1122 1085 1195 1151 ἔκ
1249 1108 1319 1149 τε
1360 1095 1468 1171 τῆς
1513 1093 1725 1171 ψυχῆς
1766 1096 1882 1149 τοῦ
1916 1082 2226 1149 Αντινόου
2271 1083 2467 1161 ὄντως
2506 1083 2614 1149 τὸν
2658 1082 2893 1170 ἀστέρα

519 1193 906 1277 γεγενῆσθαι
950 1188 1061 1254 καὶ
1102 1188 1246 1254 τότε
1302 1199 1563 1271 πρῶτον
1624 1186 2117 1274 ἀναπεφηνέναι.
2219 1188 2478 1255 Deinde
2535 1187 2896 1254 Antinoum

520 1295 700 1361 inter
745 1296 900 1360 deos
944 1293 1227 1359 relatum
1271 1310 1415 1358 esse
1461 1292 1545 1358 ab
1592 1291 1993 1373 imperatore
2036 1291 2205 1358 satis
2251 1291 2583 1374 constat.¹)

695 1398 826 1463 Sed
868 1397 998 1462 hac
1041 1395 1187 1478 ipsa
1229 1393 1507 1461 Antinoi
1567 1395 2062 1462 consecratione
2121 1396 2207 1460 ad
2251 1399 2505 1462 certam
2564 1396 2895 1476 quandam

522 1500 891 1583 opinionem
915 1500 1429 1582 cognoscendam
1454 1497 1855 1565 deducimur.
1885 1497 2113 1579 Neque
2136 1497 2309 1564 enim
2332 1497 2631 1564 omnibus
2653 1502 2894 1563 morta-

521 1602 697 1670 libus
720 1602 966 1686 evenit,
990 1606 1067 1668 ut
1087 1605 1238 1684 post
1261 1600 1513 1668 obitum
1537 1600 2085 1684 astrificarentur,
2108 1601 2228 1668 sed
2248 1600 2477 1683 paucis
2502 1600 2895 1684 quibusdam

524 1711 595 1772 et
639 1706 886 1772 electis
974 1705 1196 1785 Atque
1255 1704 1378 1770 hoc
1438 1722 1695 1784 quoque
1761 1723 1804 1768 a
1846 1703 2122 1770 Graecis
2180 1703 2501 1769 tralatum
2560 1708 2681 1770 est.
2767 1704 2896 1769 Im-

520 1808 894 1875 mortalitas
955 1807 1131 1874 enim
1190 1806 1324 1872 iam
1375 1807 1460 1873 ab
1508 1806 1810 1872 Homero*
1851 1805 2125 1889 regibus
2178 1809 2440 1872 tantum
2500 1805 2897 1889 conceditur,

524 1913 791 1977 deorum
834 1909 993 1975 filiis
1053 1913 1123 1975 et
1167 1908 1442 1974 dilectis,
1452 1908 1501 1993 ²)
1607 1909 1750 1975 Hoc
1808 1928 1850 1974 a
1908 1907 2383 1990 posterioribus
2435 1912 2767 1976 retentum
2826 1912 2896 1975 et

527 1999 792 2079 auctum
873 2015 1009 2095 est,
1068 2006 1353 2093 ‘quorum
1431 2011 1628 2077 Plato
1696 2010 1963 2076 caelum
2036 2009 2442 2092 sapientium
2462 2009 2514 2095 ⁸)
2599 2010 2897 2079 civitatis

526 2120 850 2181 rectorum
914 2132 1058 2180 esse
1117 2113 1362 2196 edixit,
1422 2118 1542 2179 aut
1584 2117 1660 2179 ut
1705 2112 1930 2179 verbis
1991 2117 2147 2179 utar
2191 2112 2522 2180 Ciceronis
2567 2113 2900 2180 Platonici

521 2219 605 2284 de
649 2236 783 2299 rep.
828 2217 927 2283 V1
973 2217 1084 2282 13:
1144 2215 1433 2280 omnibus
1494 2217 1606 2301 qui
1656 2217 1942 2299 patriam
1999 2218 2485 2280 conservaverint
2540 2216 2901 2281 adiuverint

522 2322 816 2385 auxerint
860 2325 1094 2383 certum
1135 2338 1264 2383 esse
1303 2320 1376 2382 in
1419 2319 1581 2382 caelo
1623 2338 1698 2382 ae
1741 2317 2067 2400 definitum
2112 2318 2331 2401 locum,
2389 2318 2499 2383 ¹ubi
2554 2319 2714 2383 beati
2755 2338 2900 2384 aevo

520 2424 884 2506 sempiterno
939 2421 1328 2506 fruantur-,⁴0
1436 2422 1658 2501 Atque
1711 2421 1907 2487 Plato
1968 2439 2109 2486 rem
2166 2439 2569 2502 persequens
2623 2440 2699 2488 eo
2751 2440 2899 2504 pro-

525 2524 829 2607 greditur
873 2527 953 2591 ut
982 2525 1346 2591 contendat
1374 2521 1481 2590 his
1510 2522 1674 2606 ipsis
1708 2523 1997 2593 animum
2027 2524 2255 2590 datum
2287 2541 2430 2590 esse
2460 2542 2542 2591 ex
2570 2523 2900 2591 sideribus

526 2627 567 2694 i.
613 2647 668 2694 e.
712 2632 786 2694 ut
847 2627 1225 2693 Macrobius
1284 2628 1561 2693 adnotat
1611 2626 1899 2692 animum
1962 2644 2183 2692 eorum
2245 2627 2521 2693 eundem
2583 2645 2729 2694 esse
2784 2627 2900 2708 qui

527 2731 832 2813 siderum,
878 2748 940 2797 v.
969 2729 1183 2795 Somn.
1223 2728 1392 2809 Scip.
1421 2728 1458 2793 I
1488 2746 1629 2811 cap.
1657 2729 1836 2794 XIH
1866 2732 1936 2794 et
1965 2728 2153 2794 XIX.
2240 2727 2468 2809 Neque
2512 2728 2897 2796 reformida-

528 2836 774 2900 verunt
814 2834 1052 2913 poetae
1096 2830 1430 2914 Augustei
1474 2831 1560 2897 ab
1614 2833 1845 2907 eadem
1889 2830 2320 2915 cogitatione:
2379 2831 2572 2897 immo
2631 2833 2899 2897 adama·

529 2938 773 3002 verunt
815 2953 960 3001 eam
989 2932 1404 3015 poematibus
1438 2933 1750 2999 inserere.
1839 2933 1951 3001 Sic
1996 2934 2159 3001 dicit
2189 2934 2503 3001 Manilius
2542 2935 2576 3000 I
2623 2934 2746 2999 798
2762 2951 2901 3015 sqq.

531 3037 882 3104 Caesarem
928 3040 997 3102 et
1042 3036 1417 3120 Augustum
1461 3035 1857 3118 respiciens:
2065 3038 2068 3041 ’

1380 3138 1797 3220 Venerisque
1840 3141 1925 3207 ab
1972 3138 2228 3223 origine
2272 3138 2487 3222 proles

700 3276 741 3344 ¹)
777 3275 1120 3330 Testimonia
1143 3281 1404 3345 congesta
1427 3275 1674 3330 invenies
1693 3291 1735 3330 6.
1757 3291 1811 3330 v.
1830 3275 2105 3331 Antinous
2129 3276 2274 3344 apud
2287 3275 2544 3330 Paulium
2556 3274 2900 3331 Wissowam.

701 3361 745 3430 ¹)
780 3361 847 3415 V.
885 3360 949 3416 E.
987 3360 1222 3415 Rohde
1258 3360 1468 3428 Psyche
1504 3358 1682 3416 initio,

702 3445 744 3516 ⁸)
780 3445 1065 3502 Uberrima
1101 3446 1169 3501 de
1201 3445 1305 3500 hae
1335 3446 1663 3501 Graecorum
1701 3446 1951 3501 doctrina
1984 3446 2235 3515 disputat
2268 3445 2332 3501 E.
2358 3445 2632 3502 Norden
2667 3445 2727 3501 in
2762 3462 2902 3501 com-

522 3531 793 3588 mentario
829 3531 900 3586 ad
933 3530 1103 3601 Verg.
1138 3530 1271 3586 Aen.
1308 3531 1511 3586 librum
1547 3532 1629 3586 VI
1662 3548 1791 3602 pag.
1832 3531 1913 3586 18.
1978 3531 2121 3586 Huic
2156 3531 2405 3587 Platonis
2452 3530 2773 3600 disciplinae
2819 3547 2903 3587 re·

526 3617 794 3686 spondent
829 3622 1142 3672 exterarum
1176 3616 1505 3686 religionum
1543 3619 1595 3667 οἱ
1629 3621 1842 3683 μύσται.
1914 3617 2149 3672 Mithrae
2184 3616 2484 3686 discipulus
2520 3616 2650 3671 dum
2685 3615 2904 3672 immor·

526 3703 658 3757 talis
695 3702 761 3757 fit
795 3703 986 3758 Stella-8
1020 3702 1268 3758 invocat:
1318 3703 1425 3772 ἐγώ
1464 3703 1575 3769 εἰμι
1611 3700 1915 3769 unanimos
1947 3705 2078 3769 ὑμῖν
2124 3704 2290 3772 ἀστὴρ
2338 3706 2429 3754 καὶ
2463 3703 2522 3753 ἐκ
2556 3708 2653 3754 τοῦ
2685 3702 2903 3768 βάθους

531 3783 881 3856 ἀναλάμπων,
918 3804 969 3843 v.
1008 3788 1074 3843 A.
1110 3787 1480 3843 Dieterich
1518 3787 1666 3843 Eine
1701 3788 2181 3858 Mithrasliturqie
2227 3805 2354 3857 pag.
2390 3788 2475 3843 65.
2544 3788 2756 3843 Ibidem
2791 3787 2903 3844 iam

529 3876 745 3925 veteres
780 3870 975 3926 Graeci
1009 3878 1315 3940 mystarum
1349 3873 1565 3928 animas
1600 3873 2018 3944 collocaverant,
2060 3890 2114 3929 v.
2151 3874 2217 3928 R.
2252 3873 2349 3928 He
2367 3873 2437 3929 in
2451 3890 2482 3927 z
2496 3889 2527 3929 e
2561 3874 2903 3929 Xenokrates

530 3972 657 4025 pag.
694 3955 814 4025 123,
848 3955 1173 4011 Weicker
1209 3957 1545 4029 Seelenvoyel
1578 3976 1706 4029 pag.
1742 3958 1828 4014 57.

704 4042 748 4110 ⁴)
782 4041 912 4111 Ipsa
937 4047 1123 4097 autem
1145 4042 1325 4098 sidera
1349 4044 1531 4099 eodem
1553 4060 1716 4100 6611611
1733 4044 1961 4101 virtutis
1981 4045 2122 4100 dona
2143 4045 2196 4099 h.
2217 4060 2263 4100 e.
2282 4044 2521 4101 virorum
2545 4043 2902 4101 eminentium

522 4126 743 4182 animas
778 4132 902 4196 post
938 4132 1164 4183 mortem
1203 4128 1269 4183 ob
1305 4128 1572 4185 virtutem
1605 4135 1852 4186 mutatas
1888 4130 2030 4187 dixit
2065 4130 2276 4186 Statius
2308 4131 2477 4186 Theb.
2514 4131 2565 4185 X
2602 4130 2731 4184 637:

1767 4217 1905 4272 dant
1939 4217 2085 4271 clara
2120 4216 2328 4272 meanti

942 4303 1096 4354 astra
1128 4298 1320 4369 locum,
1359 4316 1602 4370 quosque
1635 4301 1760 4370 ipsa
1795 4302 1972 4358 virtus
2008 4301 2264 4358 affixerat
2296 4302 2472 4372 ignes.

524 4382 613 4438 De
645 4383 903 4439 Herculis
940 4384 1067 4440 sede
1102 4384 1252 4441 inter
1285 4386 1475 4441 stellas
1511 4386 1724 4443 virtute
1759 4393 1923 4456 parta
1956 4387 2083 4443 vide
2117 4388 2264 4444 intra
2297 4403 2425 4457 pag.
2462 4386 2580 4442 137.

2489 4475 2587 4529 15*
