3576 5085
516 448 636 538 97]
972 448 1055 503 De
1090 447 1375 503 stellarum
1409 446 1772 516 appellatione
1810 451 1867 501 et
1901 445 2167 516 religione
2204 445 2449 501 Romana
2764 448 2890 514 189

517 621 809 689 officium
853 621 1232 687 accuratius
1278 621 1364 685 ad
1393 618 1713 703 vergilias
1746 617 1922 685 idem
1954 617 2252 685 adnectit
2287 619 2440 685 Nat.
2468 617 2621 685 hist.
2652 618 2892 685 XVIII

520 726 684 791 223:
728 725 1092 807 incipiemus
1135 744 1174 786 a
1217 722 1580 787 sementibus
1618 722 1930 802 frumenti
1967 720 2075 784 hoc
2107 728 2194 785 est
2231 723 2633 803 veryiliarum
2677 741 2891 786 occasu

526 827 908 912 matutino.1)
996 825 1091 892 Et
1137 824 1455 891 discernit
1514 823 1752 890 XVIII
1810 824 1925 890 49:
1985 823 2265 907 hiberna,
2329 844 2489 908 quae
2546 826 2710 889 circa
2760 844 2891 888 ver-

516 931 827 1012 ,filiarum
858 948 1144 993 occasum
1173 932 1307 991 sata
1338 933 1506 991 terra
1531 947 1647 1009 per
1667 926 1922 990 hiemem
1944 928 2335 1009 nutriuntur,
2357 933 2430 990 ut
2448 928 2743 1010 triticum,
2763 927 2894 1009 far,

522 1032 856 1114 hordeum3
901 1032 1148 1113 aestiva,
1192 1050 1350 1114 quae
1380 1036 1601 1094 aestate
1644 1033 1787 1093 aute
1816 1029 2222 1113 veryiliarum
2251 1035 2532 1093 exortum
2576 1036 2893 1109 seruntur,

525 1142 598 1199 ut
657 1135 938 1217 milium,
994 1133 1314 1217 panicum,
1374 1133 1609 1217 sesima,
1653 1131 2031 1216 horminum,
2089 1132 2231 1214 irie,
2301 1131 2528 1195 Italiae
2568 1132 2902 1196 dumtaxat

524 1239 676 1302 ritu.
751 1235 877 1302 His
907 1233 1129 1304 verbis
1160 1236 1488 1301 commode
1518 1253 1854 1300 monemur
1882 1253 2011 1300 non
2041 1233 2246 1300 solum
2277 1235 2563 1301 Graecos
2593 1238 2896 1301 auctores

526 1338 776 1421 respici
821 1358 863 1403 a
911 1336 1203 1423 Plinio.2)
1313 1337 1442 1403 Sed
1485 1342 1756 1418 praeter
1799 1336 2133 1403 frumenta
2191 1336 2392 1403 etiam
2435 1335 2771 1420 legumina
2814 1337 2898 1402 ad

529 1440 848 1524 vergilias
900 1444 1210 1506 seruntur
1268 1440 1441 1525 (Nat.
1506 1439 1657 1505 hist.
1718 1439 1957 1506 XVIII
2020 1438 2202 1524 120),
2261 1445 2331 1506 et
2388 1440 2648 1505 omnino
2707 1439 2901 1506 varia

530 1543 806 1627 negotia
850 1542 1102 1608 rustica
1132 1562 1214 1609 ex
1251 1542 1720 1610 observatione
1765 1541 2199 1626 vergiliarum
2245 1542 2579 1624 descripta
2623 1547 2793 1624 sunt,
2839 1561 2899 1608 v,

535 1646 898 1712 Varronem
946 1647 1026 1711 de
1070 1664 1143 1711 re
1188 1649 1354 1711 rust.
1395 1645 1469 1710 II
1516 1646 1615 1727 11,
1660 1648 1737 1710 4:
1794 1664 2039 1708 caseum
2081 1645 2292 1726 facere
2333 1646 2645 1725 incipiunt
2687 1666 2730 1708 a
2772 1665 2900 1708 ver-

526 1749 706 1833 yiliis
746 1749 953 1812 vernis
981 1749 1210 1812 exortis
1251 1747 1336 1810 ad
1377 1748 1636 1811 aestivas
1678 1747 1989 1827 ver-yilias.
2077 1747 2320 1827 Apium
2364 1746 2571 1812 omnis
2626 1747 2902 1827 cultura,
2931 1777 2935 1782 ·

533 1855 611 1916 ut
657 1851 837 1931 apud
880 1850 1184 1931 GraecOS,
1205 1847 1256 1934 ⁸)
1315 1850 1403 1913 ad
1461 1847 1895 1930 vergiliarum
1953 1847 2276 1914 stationes
2335 1847 2694 1929 composita
2760 1854 2905 1915 erat

530 1953 776 2036 (Varro
829 1953 911 2017 de
969 1970 1042 2016 re
1100 1955 1260 2016 rust.
1327 1951 1435 2015 III
1483 1951 1595 2033 16,
1662 1949 1836 2015 Plin.
1892 1950 2043 2016 Nat.
2103 1950 2256 2016 hist.
2315 1950 2420 2015 XI
2478 1952 2595 2032 433
2664 1951 2905 2017 Colum.

533 2055 624 2120 de
657 2073 729 2120 re
760 2056 924 2119 rust.
954 2053 1059 2118 IX
1087 2054 1186 2136 14,
1214 2052 1295 2137 1),
1337 2051 1573 2118 vitium
1618 2056 1688 2118 et
1723 2052 2011 2118 olearum
2057 2070 2216 2118 cura
2245 2052 2534 2134 itemque
2578 2052 2908 2120 vindemia

532 2158 766 2223 eadem
811 2154 1072 2221 ratione
1132 2154 1612 2221 instituebatur
1669 2154 1861 2237 (Plin.
1906 2155 2059 2220 Nat.
2111 2153 2266 2221 hist.
2326 2156 2527 2222 XVII
2574 2158 2716 2239 130,
2764 2157 2906 2239 188,

536 2258 778 2325 XVIII
822 2260 998 2341 319),
1043 2260 1216 2329 unde
1262 2257 1354 2339 fit,
1398 2263 1473 2323 ut
1512 2257 1763 2324 vitibus
1795 2257 2090 2338 oleisque
2134 2258 2368 2326 favens
2414 2259 2595 2325 sidus
2643 2258 2909 2325 dicatur

538 2361 690 2428 Nat.
735 2361 886 2426 hist.
930 2360 1096 2427 XVI
1126 2360 1284 2442 1043
1330 2359 1388 2425 si
1436 2363 1656 2425 autem
1696 2358 2064 2425 orientibus
2108 2359 2410 2443 vergiliis
2456 2361 2647 2444 pluit,
2691 2360 2907 2426 inimi·

531 2463 871 2530 cissimum
905 2467 972 2528 et
1005 2461 1130 2530 viti
1177 2466 1247 2528 et
1276 2462 1459 2528 oleae
1506 2466 1608 2528 est
1641 2461 1818 2547 (Nat.
1842 2462 1999 2529 hist.
2029 2462 2230 2528 XVII
2262 2465 2385 2547 11).
2473 2462 2908 2547 Quamobrem

541 2567 789 2633 factum
822 2569 942 2650 est,
973 2570 1048 2631 ut
1091 2565 1160 2631 in
1207 2565 1403 2632 fastis
1451 2584 1701 2647 quoque
1744 2565 2178 2649 vergiliarum
2216 2566 2459 2632 mentio
2503 2566 2710 2650 fieret,
2754 2586 2815 2635 v.
2858 2586 2911 2633 c.

535 2670 611 2735 in
658 2669 883 2735 Fastis
928 2667 1286 2734 Venusinis
1347 2670 1434 2734 ad
1492 2667 1841 2749 septimum
1887 2668 2028 2734 Mai
2087 2668 2331 2734 mensis
2392 2667 2562 2734 diem
2609 2667 2779 2754 (CIL
2827 2669 2863 2733 I
2887 2674 2910 2710 2

546 2789 608 2851 p.
652 2771 823 2854 221).
911 2769 1226 2850 Reliquos
1292 2771 1500 2853 locos,
1567 2770 1681 2835 ubi
1744 2769 2085 2852 Vergiliae
2129 2772 2216 2836 ad
2260 2770 2697 2837 definiendum
2756 2772 2913 2837 anni

542 2877 805 2953 tempus
849 2875 1450 2955 commemorantur,
1496 2891 1880 2939 enumerare
1927 2872 2192 2955 longum
2236 2873 2414 2958 est.⁴)

720 2973 1276 3054 Superstitionum
1350 2974 1768 3055 antiquarum
1787 3025 1803 3058 ,
1878 2975 1948 3040 in
2018 2975 2255 3056 quibus
2311 2974 2761 3059 Vergiliarum
2835 2976 2914 3042 fit

540 3075 813 3157 -mentio,
856 3075 1138 3157 primam
1182 3075 1469 3160 afferam,
1530 3095 1753 3143 earum
1816 3081 2047 3144 exortu
2092 3077 2219 3144 mel
2264 3078 2558 3144 salutare
2618 3096 2700 3143 ex
2758 3083 2913 3145 aere

547 3178 707 3245 labi.
751 3178 945 3243 Hanc
969 3196 1113 3244 cum
1136 3176 1420 3243 siderum
1446 3178 1873 3260 complurium
1896 3183 2077 3245 motu
2099 3179 2512 3246 coniunctam
2537 3183 2608 3246 et
2630 3179 2916 3247 fortasse

539 3300 593 3347 a
653 3280 927 3348 Graecis
996 3281 1410 3361 desumptam
1489 3297 1635 3346 esse
1708 3299 1908 3362 supra
1975 3280 2260 3348 diximus
2319 3280 2495 3364 (pag.
2548 3282 2689 3366 46),
2770 3301 2915 3348 cum

534 3384 634 3449 ,de
680 3381 852 3450 Sirio
897 3400 1258 3464 ageremus
1346 3381 1439 3448 Et
1469 3383 1690 3448 eodem
1721 3384 1907 3448 modo
1940 3400 2065 3463 quo
2103 3383 2442 3449 exoriente
2472 3383 2641 3450 Sirio
2672 3402 2916 3451 messes

551 3486 781 3568 quales
857 3484 1128 3552 futurae
1209 3488 1435 3551 essent
1515 3485 2021 3568 augurabantur
2085 3485 2259 3568 (pag.
2326 3487 2469 3570 34),
2546 3486 2672 3553 olei
2753 3487 2917 3553 cari-

552 3592 763 3655 tatem
830 3587 1229 3654 Graecorum
1296 3587 1739 3653 Democritum
1755 3637 1771 3670 ,
1837 3589 2269 3654 Romanorum
2330 3587 2624 3655 Sextium
2670 3609 2707 3656 e
2770 3608 2919 3658 ver-

544 3690 863 3772 giliarum
938 3694 1091 3756 ortu
1148 3688 1560 3771 praedixisse
1645 3693 1883 3755 narrat
1942 3690 2203 3757 Plinius
2262 3690 2416 3756 Nat.
2473 3691 2631 3758 hist.
2682 3692 2921 3758 XVIII

556 3793 702 3859 273.
804 3792 994 3876 Quod
1052 3794 1370 3874 quomodo
1429 3791 1727 3874 praedici
1784 3796 2023 3877 posset,
2084 3792 2258 3859 idem
2315 3791 2572 3860 Plinius
2617 3795 2923 3862 servavit

733 3994 774 4064 ¹)
812 3993 894 4049 Cf.
931 4000 1217 4064 praeterea
1262 3995 1334 4051 ib.
1383 3995 1483 4050 201
1499 4011 1595 4065 sq.,
1644 3995 1739 4051 ubi
1774 3994 2043 4051 Hesiodus
2088 3996 2126 4051 l.
2162 4012 2206 4051 c.
2243 4001 2303 4053 et
2337 3996 2619 4067 Vergilius
2656 3997 2855 4067 Georg.
2891 3998 2923 4053 Ι

552 4079 662 4134 219
675 4095 790 4148 sqq.
827 4079 1140 4135 laudantur.

733 4164 777 4235 ¹)
813 4164 1022 4219 Poenos
1057 4180 1269 4233 quoque
1303 4164 1361 4219 in
1388 4166 1622 4221 'serendo
1657 4165 1922 4236 vergilias
1958 4165 2271 4222 observasse
2304 4166 2536 4222 fortasse
2570 4166 2924 4222 concludatur

548 4266 591 4306 e
625 4249 754 4305 Nat.
791 4249 918 4305 hist.
961 4250 1126 4305 XVII
1163 4249 1278 4305 131.

735 4334 776 4406 ⁸)
813 4335 1043 4391 Aristot.
1079 4334 1209 4391 hist.
1246 4335 1466 4392 animal.
1503 4336 1554 4392 V
1589 4337 1673 4406 22,
1709 4337 1760 4391 4.

733 4420 778 4491 ⁴)
813 4420 893 4477 Ut
927 4419 1050 4475 niv.
1086 4421 1223 4476 xx1
1256 4420 1353 4491 353
1388 4421 1527 4478 seu.
1562 4421 1803 4477 African.
1840 4421 2068 4492 xnvn,
2105 4422 2257 4478 Cart.
2293 4421 2422 4477 suf.
2458 4421 2511 4478 v
2544 4420 2594 4491 6,
2634 4419 2714 4475 12.

664 4520 1295 4577 Religionsgeschiohtllche
1322 4522 1566 4569 Versuche
1593 4533 1640 4567 u.
1670 4522 1990 4569 Vorarbeiten
2015 4523 2100 4568 111.
2550 4506 2617 4560 13
