3576 5085
595 332 749 420 103]
1047 332 1130 386 De
1165 331 1446 386 stellarum
1482 330 1852 399 appellatione
1887 333 1945 385 et
1980 329 2245 400 religione
2279 330 2525 385 Romana
2834 332 2961 398 195

593 505 782 570 Serv.
828 504 985 569 Aen.
1028 503 1064 568 I
1110 502 1251 584 744,
1310 503 1461 566 dum
1506 501 1770 567 suculas
1815 500 2021 566 habet
2085 519 2203 581 pro
2263 519 2527 566 succum
2568 500 2962 584 ferentibuS,

590 611 667 672 et
723 624 984 671 succum
1054 622 1172 685 pro
1244 604 1509 669 humore
1569 603 1879 687 pluviali,
1945 604 2044 668 ita
2107 608 2186 669 ut
2249 603 2490 669 iterum
2556 603 2692 669 sint
2754 600 2963 679 ὖάόες.

594 708 888 774 Isidorus
935 705 1115 789 Orig.
1145 706 1253 771 ΠΙ
1299 706 1397 789 70,
1446 707 1527 771 12
1588 711 1657 771 et
1715 704 2220 771 commentarius
2279 705 2708 788 Vergilianus
2774 708 2959 772 modo

590 831 656 893 p.
696 813 820 878 102
865 813 1011 876 adn.
1059 811 1099 875 2
1144 812 1539 875 memoratus
1587 810 1783 875 huius
1830 809 2171 875 doctrinae
2218 808 2511 893 vestigia
2561 813 2961 891 presserunt.

592 914 870 979 Factum
916 917 1021 979 est
1063 913 1185 978 hoc
1226 911 1591 993 veriloquio
1633 930 1915 994 succos0,
1976 916 2053 977 ut
2104 911 2315 977 medio
2361 930 2527 977 aevo
2573 913 2655 977 de
2697 911 2962 976 succulis

586 1016 1036 1098 loquerentur,
1081 1032 1249 1095 quae
1293 1013 1744 1095 pronuntiatio
1790 1013 2001 1098 magis
2061 1015 2146 1079 ad
2201 1033 2557 1080 sermonem
2620 1015 2958 1096 vulgarem

589 1117 1031 1203 accedebat.¹)
1120 1116 1370 1182 Scribit
1413 1135 1772 1199 anonymus
1818 1118 1897 1183 de
1929 1121 2229 1199 computo
2262 1136 2313 1182 0.
2348 1117 2660 1183 CXLVII
2702 1116 2962 1199 Hyades

590 1222 791 1285 dictae
835 1220 911 1284 ab
941 1219 1140 1302 Hyan
1186 1220 1342 1283 idest
1381 1241 1423 1283 a
1466 1239 1645 1283 succo
1689 1224 1744 1283 et
1798 1220 2057 1300 pluvii33
2104 1223 2174 1285 et
2211 1218 2627 1286 Bridefortus
2662 1220 2959 1285 Ramesi-

586 1324 769 1389 ensis
813 1322 885 1388 in
928 1322 1389 1388 commentario
1449 1323 1537 1387 ad
1579 1322 1802 1387 Bedae
1863 1323 1943 1388 de
2002 1341 2127 1387 rer.
2188 1327 2327 1388 nat.
2388 1341 2440 1387 0.
2483 1322 2616 1386 XI:
2675 1321 2960 1386 succulae

589 1427 802 1490 stellae
843 1425 1043 1488 dictae
1101 1426 1286 1508 quasi
1325 1423 1441 1487 sub
1487 1424 1718 1489 oculis:
1771 1429 1919 1488 suut
1976 1426 2139 1487 enim
2197 1426 2270 1488 iu
2320 1424 2539 1507 fronte
2583 1424 2804 1488 Tauri.
2869 1424 2963 1487 vel

586 1548 632 1591 a
673 1547 867 1609 succo,
915 1527 1081 1612 quod
1119 1546 1367 1591 succum
1411 1528 1794 1593 ministrant.
1880 1526 2164 1593 Dixerat
2207 1527 2379 1592 enim
2417 1526 2561 1608 ipse
2591 1526 2776 1592 Beda
2820 1526 2958 1592 loco

585 1630 832 1697 erroris
890 1631 1083 1712 pleno
1131 1632 1213 1695 de
1271 1628 1478 1711 signis
1538 1629 1708 1695 caeli
1768 1629 1851 1695 14
1910 1630 2159 1713 (Maass
2203 1632 2244 1694 l.
2288 1629 2331 1694 l.
2374 1648 2435 1710 p.
2480 1630 2667 1713 586):
2734 1635 2959 1693 taurus

585 1733 764 1797 habet
820 1733 1033 1797 stellas
1092 1783 1107 1797 .
1153 1783 1167 1797 .
1213 1783 1227 1797 .
1284 1752 1394 1814 per
1453 1731 1733 1815 sinqulos
1793 1733 2001 1795 oculos
2055 1732 2337 1811 singulas
2382 1782 2398 1797 .
2443 1783 2457 1795 .
2503 1783 2517 1797 .
2575 1731 2689 1795 hae
2753 1738 2958 1795 autem

586 1836 802 1899 stellae
831 1834 1120 1917 Pleiades
1153 1840 1209 1897 et
1246 1833 1570 1917 Veryiliae‚
1615 1853 1722 1895 nec
1753 1853 1879 1896 non
1910 1840 1965 1896 et
1990 1834 2323 1897 subuculae
2350 1833 2668 1899 dicuutur.
2756 1833 2957 1899 Redit

587 1936 764 2003 idem
825 1936 1091 2020 epigoni
1137 1935 1479 2001 cuiusdam
1544 1935 1886 2001 inventum
1946 1935 2058 2017 qui
2114 1935 2359 2001 cultius
2406 1954 2475 2001 se
2521 1954 2640 2017 pro
2691 1936 2958 2000 succulis

580 2040 915 2105 dicturum
960 2026 1254 2120 putabat
1282 2037 1619 2101 subuculas
1662 2037 1733 2103 in
1778 2038 1989 2103 Arato
2033 2038 2242 2103 latino
2288 2057 2339 2104 3.
2383 2038 2570 2120 VIII,
2630 2038 2744 2120 qui
2790 2038 2956 2104 dicit

580 2141 944 2227 (Maassius
986 2161 1049 2222 p.
1095 2142 1216 2205 211
1266 2139 1454 2225 1.13.);
1520 2139 1724 2204 Tauri
1767 2160 2005 2224 quoque
2045 2141 2231 2222 frons
2273 2161 2431 2225 quae
2472 2141 2805 2205 subuculae
2847 2161 2954 2204 no-

581 2245 912 2308 minantur
954 2243 1040 2328 (p.
1084 2244 1230 2326 212,
1278 2242 1385 2326 19)
1407 2263 1428 2305 .·
1468 2242 1581 2306 hae
1621 2249 1846 2325 septem
1893 2242 2244 2307 Subuculae
2285 2243 2602 2310 dicuutur.

752 2362 1180 2430 Recentiores
1225 2362 1507 2443 denique
1552 2366 1627 2427 ut
1671 2363 1887 2429 solent
1931 2364 2113 2429 inter
2172 2382 2243 2429 se
2288 2364 2685 2444 discrepant.
2774 2362 2952 2429 Cice-

576 2467 802 2533 ronem
833 2466 1114 2531 laudant
1142 2466 1204 2531 V
1221 2484 1257 2531 o
1274 2484 1306 2531 3
1324 2466 1458 2531 3111
1475 2484 1507 2531 3
1530 2465 1753 2549 Etym.
1774 2485 1835 2548 p.
1854 2466 1981 2532 296
2007 2485 2056 2531 3.
2073 2484 2167 2547 v.;
2197 2465 2274 2531 L.
2295 2466 2331 2531 I
2347 2467 2391 2531 d
2405 2466 2482 2531 el
2500 2485 2537 2531 0
2552 2486 2588 2531 r
2615 2466 2655 2531 l.
2672 2466 2715 2531 l.
2730 2485 2790 2548 p.
2810 2465 2953 2548 140,

580 2570 637 2634 P
652 2590 689 2636 o
705 2574 735 2636 t
749 2570 814 2635 ti
831 2589 874 2635 u
889 2588 920 2635 3
935 2569 1168 2632 Kuhus
1183 2568 1537 2650 Zeitschrift
1551 2570 1649 2636 VI
1667 2569 1870 2653 280,²)
1887 2571 1946 2634 E
1958 2589 2000 2634 n
2018 2589 2064 2652 g
2081 2588 2116 2635 e
2131 2572 2235 2635 lm
2254 2589 2295 2634 a
2310 2589 2354 2635 n
2369 2588 2415 2634 n
2430 2589 2474 2635 11
2491 2589 2523 2635 3
2548 2570 2617 2634 111
2633 2568 2953 2635 Roscheri

581 2672 826 2737 Lexico
848 2672 1050 2753 myth.
1072 2671 1108 2736 I
1131 2671 1320 2753 2752,
1342 2671 1425 2736 Κ.
1445 2671 1502 2735 Β
1519 2676 1563 2735 11
1582 2689 1618 2734 0
1632 2671 1678 2735 11
1695 2671 1772 2735 01
1800 2670 2217 2734 Sterunamen
2240 2671 2486 2755 (Proyr.
2511 2671 2787 2737 Realsch.
2808 2672 2951 2736 Eil-

578 2773 742 2857 beck,
788 2772 1127 2854 Hambury
1174 2772 1369 2857 1905)
1414 2775 1493 2837 A.
1518 2773 1604 2837 W
1620 2773 1700 2837 al
1719 2775 1763 2838 d
1779 2792 1817 2838 e
1861 2772 1901 2838 l.
1931 2772 1971 2838 l.
2001 2793 2061 2854 p.
2095 2773 2239 2839 612.
2313 2773 2472 2839 Cum
2514 2792 2676 2840 voce
2706 2793 2952 2856 graeca

579 2871 788 2958 ὖάδες,
835 2894 1029 2954 quam
1066 2877 1293 2940 tamen
1335 2875 1510 2940 idem
1541 2875 1769 2941 valere
1816 2876 1990 2955 quod
2026 2875 2343 2956 porcellos
2386 2879 2645 2958 putant,
2690 2876 2951 2942 suculas

580 2981 976 3058 componunt
1034 2977 1113 3043 A.
1158 2976 1214 3042 B
1233 2981 1737 3058 aumgartne
1756 2999 1791 3042 r
1833 2977 1873 3042 1.
1921 2977 1963 3043 l.
2006 2998 2069 3059 p.
2114 2979 2200 3043 20
2245 2982 2314 3043 et
2373 2977 2677 3044 Thiele
2719 2977 2954 3042 Antike

578 3078 1089 3144 Himmelsbilder
1131 3100 1193 3162 p.
1223 3081 1281 3163 2,
1322 3099 1463 3146 11100
1495 3078 1742 3146 iudicio
1772 3081 1955 3146 haud
1985 3086 2182 3146 recte.
2270 3081 2438 3146 Nam
2481 3081 2649 3147 bene
2694 3080 2950 3146 omnino

576 3181 982 3249 Graecorum
1029 3181 1541 3264 appellationem
1571 3183 2046 3266 seiungendam
2076 3201 2221 3249 esse
2259 3201 2300 3248 a
2328 3201 2487 3250 voce
2516 3183 2767 3247 suculae
2795 3202 2950 3249 vere

574 3284 794 3351 latina
823 3286 1076 3351 monuit
1121 3285 1170 3350 C
1188 3302 1224 3349 o
1241 3304 1277 3349 r
1296 3303 1328 3350 3
1345 3303 1376 3351 3
1393 3304 1480 3350 011
1498 3303 1541 3350 11
1560 3304 1591 3351 3
1634 3285 1677 3350 l.
1706 3284 1748 3349 l.
1778 3304 1841 3365 p.
1871 3284 2076 3370 513‚⁸)
2122 3287 2295 3366 quod
2339 3286 2472 3351 iam
2515 3288 2952 3352 contenderat

746 3456 790 3525 ¹)
825 3455 967 3510 Vide
1001 3455 1231 3511 titulum
1268 3470 1435 3522 supra
1469 3470 1522 3522 p.
1562 3453 1662 3508 102
1698 3454 1985 3510 laudatum
2024 3455 2144 3510 CIL
2179 3456 2260 3510 IV
2294 3455 2449 3510 2013.

747 3541 791 3610 ⁹)
828 3541 933 3608 Qui
967 3546 1155 3596 tamen
1188 3539 1434 3608 Etymol.
1473 3538 1701 3594 Forsch.
1738 3541 1801 3594 II
1837 3539 1975 3594 1380
2008 3541 2171 3596 aliter
2204 3540 2431 3596 iudicat.

751 3627 790 3696 ⁸)
826 3627 948 3681 Non
981 3627 1181 3681 faciam
1217 3642 1340 3679 cum
1375 3625 1694 3680 Ricciolo
1729 3626 1766 3680 l.
1803 3642 1845 3680 s.
1885 3627 1914 3680 I
1948 3642 2000 3694 p.
2037 3626 2155 3694 399,
2204 3626 2358 3680 0111113
2393 3625 2780 3695 interpretatio
2816 3627 2949 3682 arti-

570 3711 806 3767 ficiosior
842 3719 942 3766 est.
1012 3712 1150 3778 Nam
1188 3726 1308 3766 cum
1347 3711 1572 3766 suculae
1606 3710 1667 3764 in
1701 3712 1933 3765 formam
1969 3712 2021 3766 V
2056 3711 2279 3766 litterae
2313 3711 2607 3780 dispositae
2642 3711 2771 3780 sint,
2808 3713 2949 3767 hanc

574 3797 809 3866 figuram
846 3813 880 3850 a
913 3796 1192 3852 veteribus
1262 3812 1358 3864 pro
1392 3795 1539 3850 rictu
1573 3796 1733 3851 suillo
1769 3797 2015 3851 habitam
2052 3812 2168 3851 esse
2216 3796 2511 3866 existimat,
2559 3796 2704 3852 unde
2750 3813 2949 3853 nomen

574 3881 887 3935 deductum.
956 3882 1207 3949 Itemque
1239 3898 1348 3936 non
1382 3881 1582 3951 plaudo
1617 3883 1670 3937 J.
1701 3884 1755 3936 Μ
1774 3883 1954 3937 oller
1989 3882 2084 3950 qui
2119 3883 2179 3937 in
2213 3883 2417 3937 studiis
2452 3882 2793 3937 Maniliauis
2816 3884 2946 3940 diss.

575 3966 745 4021 Marb.
766 3965 899 4019 1901
918 3982 970 4034 p.
994 3967 1029 4019 4
1047 3982 1114 4021 ex
1131 3967 1355 4021 Manilio
1374 3968 1426 4022 V
1445 3967 1547 4022 125
1565 3968 1841 4023 concludit
1861 3968 2077 4023 suculas
2102 3968 2276 4023 dictas
2299 3984 2431 4038 esse,
2457 3969 2598 4037 quod
2615 3975 2741 4038 post
2758 3985 2945 4024 earum

570 4059 826 4106 exortum
862 4067 1022 4106 suum
1057 4068 1256 4121 greges
1293 4054 1364 4107 ad
1389 4059 1610 4121 pastum
1647 4055 1950 4123 ducuntur3
1987 4066 2073 4109 est
2095 4070 2318 4109 versus:
2353 4053 2731 4110 immundosve
2760 4071 2947 4125 qreyes

569 4137 798 4208 agitant
818 4153 922 4205 per
944 4136 1173 4190 sordida
1195 4154 1352 4203 rura,
1378 4154 1484 4207 quo
1508 4139 1647 4194 nihil
1672 4140 1823 4194 aliud
1846 4139 2050 4194 dicitur
2073 4140 2182 4195 nisi
2199 4139 2487 4208 Hyadibus
2510 4141 2653 4195 bella
2677 4140 2945 4194 cientibus

568 4238 775 4293 greges
810 4223 1043 4291 sordere,
1078 4238 1208 4277 rura
1243 4238 1362 4277 esse
1394 4225 1620 4279 inculta.
1646 4255 1714 4264 —
1739 4225 1878 4279 Cum
1900 4225 2092 4280 sucula
2115 4226 2365 4279 machina
2399 4225 2661 4281 tractoria
2696 4224 2853 4293 (Cato
2878 4226 2947 4279 de

574 4324 639 4364 re
672 4313 811 4363 rust.
845 4307 959 4363 XII
994 4307 1086 4375 al.)
1122 4307 1203 4362 nil
1232 4308 1406 4364 habet
1438 4309 1817 4364 similitudinis
1853 4309 2193 4365 constellatio
2227 4310 2499 4365 caelestis.
