3576 5085
525 404 675 491 121]
965 407 1047 461 De
1082 406 1367 461 stellarum
1404 404 1769 475 appellatione
1804 411 1862 462 et
1895 406 2161 477 religione
2195 407 2441 463 Romana
2754 410 2882 476 213

520 579 956 644 Romanorum
987 576 1368 660 religionem
1401 595 1607 658 usque
1638 595 1713 642 eo
1745 562 2161 659 progressam
2200 596 2328 643 non
2370 597 2511 644 esse
2544 580 2883 665 constat,¹)

521 685 598 746 ut
637 682 719 748 de
763 678 1145 745 caelestium
1177 679 1472 745 conubiis
1505 679 1851 761 cogitaret.
1940 680 2065 745 Sed
2097 680 2377 746 aliarum
2407 681 2884 764 cogitationum

518 783 840 849 incertum
907 782 1316 849 Graecarum
1382 800 1469 847 an
1533 782 1979 848 Romanarum
2046 789 2285 848 extant
2358 783 2663 867 vestigia.
2774 784 2885 850 Ita

520 885 759 952 stellae
817 883 1042 967 gregis
1063 884 1114 968 2)
1173 884 1392 950 instar
1449 889 1629 966 sunt,
1703 884 1817 963 qui
1894 886 1978 951 ab
2038 886 2334 967 Hespero
2411 886 2516 952 vel
2575 886 2885 955 Lucifero

521 987 909 1068 custoditur,
969 1006 1097 1068 qua
1141 988 1223 1052 de
1267 1005 1340 1052 re
1399 1005 1603 1067 supra
1661 985 1797 1052 iam
1858 987 2140 1053 diximus
2198 1008 2349 1070 pag.
2394 990 2495 1054 30.
2598 988 2670 1055 Si
2729 1008 2885 1057 vero

521 1089 684 1173 fuit,
744 1089 857 1171 qui
912 1090 1261 1155 Romanos.
1296 1090 1526 1155 stellas
1585 1108 1700 1171 pro
1758 1089 2183 1171 pumilionum
2245 1096 2520 1158 caterva
2579 1092 2886 1158 habuisse

521 1192 830 1275 ediceret,
875 1192 931 1257 is
977 1190 1308 1275 erravit.³)

690 1296 1008 1360 Attamen
1075 1312 1312 1359 revera
1377 1313 1459 1359 ex
1518 1312 1594 1360 eo
1655 1296 1824 1375 quod
1890 1295 2083 1360 Luna
2149 1295 2361 1361 stellis
2428 1296 2885 1379 magnitudine

520 1398 943 1479 praestabat,
1011 1401 1270 1462 veteres
1329 1395 1727 1462 sententiam
1802 1397 2092 1478 aliquam
2164 1402 2578 1464 statuerunt:
2652 1400 2886 1465 stellas

521 1502 719 1567 lunae
750 1500 1048 1569 dominae
1079 1506 1415 1579 tamquam
1446 1499 1774 1565 satellites
1824 1506 1943 1566 aut
1980 1500 2368 1582 pedisequos
2401 1520 2563 1568 esse.
2653 1504 2886 1569 Testes

523 1608 679 1668 sunt
723 1601 1060 1668 Cornelius
1099 1602 1381 1668 Severus
1426 1601 1628 1687 (FPR
1658 1622 1810 1684 pag.
1840 1603 1985 1685 352,
2016 1605 2057 1669 ὃ
2101 1605 2284 1687 iynea
2327 1606 2456 1667 iam
2500 1604 2664 1668 eaelo
2706 1604 2885 1669 duce-

520 1706 625 1769 bat
663 1706 868 1769 sidera
914 1704 1200 1789 Phoebe),
1260 1704 1612 1769 Petronius
1672 1705 1903 1789 (satur.
1952 1705 2076 1771 100
2123 1706 2277 1768 luna
2323 1706 2889 1772 innumerabilibus

523 1810 807 1871 comitata
851 1806 1194 1889 sideribus),
1223 1806 1562 1890 HoratiUS,
1609 1808 1721 1888 qui
1766 1806 1837 1871 in
1868 1806 2159 1873 carmine
2204 1808 2530 1874 saeculari
2572 1828 2771 1875 versu
2802 1809 2887 1876 35

524 1909 806 1975 Dianam
851 1909 1151 1976 invocat:

937 2011 1223 2078 siderum
1267 2013 1503 2096 regina
1545 2011 1837 2079 bicornis
1882 2011 2059 2095 audi,

861 2187 866 2195 ,
934 2115 1143 2198 Luna,
1185 2115 1521 2198 puellasf)

691 2217 795 2283 En
843 2218 1048 2284 habes
1093 2219 1460 2300 opinionem
1491 2218 1975 2297 fuissffistellas
2024 2221 2289 2286 deorum
2337 2219 2688 2300 ministr-OS,
2742 2238 2886 2286 sen·

523 2319 800 2386 tentiam
877 2323 1049 2403 apud
1080 2401 1083 2404 ,
1116 2322 1439 2387 Romanos
1504 2322 1637 2387 late
1699 2321 2021 2388 diffusam.
2140 2323 2333 2411 Hanc
2399 2322 2886 2404 persuasionem

521 2422 948 2505 popularibus
993 2424 1355 2490 Varronem
1405 2424 1714 2490 attulisse
1746 2423 2198 2491 Tertullianus
2244 2425 2356 2509 (ad
2386 2426 2689 2491 nationes
2719 2425 2791 2491 II
2820 2425 2887 2511 3)

522 2530 591 2592 et
632 2526 1044 2610 Augustinus
1088 2532 1331 2608 putant
1376 2526 1483 2611 (de
1514 2527 1790 2594 civitate
1837 2527 1946 2594 dei
1976 2528 2109 2594 VII
2140 2530 2197 2612 6,
2231 2528 2371 2614 23);
2415 2530 2530 2595 sed
2557 2526 2891 2595 vetustior

521 2634 643 2713 est,
701 2633 780 2695 ut
823 2629 1138 2695 Plautino
1180 2630 1507 2695 Rudentis
1564 2632 1833 2712 prologo
1894 2631 2162 2712 saepius
2221 2636 2718 2698 commemorato
2778 2633 2888 2697 do-

521 2749 788 2797 cemurz-
846 2731 960 2811 qui
1019 2749 1330 2814 graecum
1390 2732 1752 2813 exemplum
1814 2737 2079 2798 secutus
2140 2740 2209 2799 et
2266 2733 2610 2799 stellarum
2671 2753 2889 2800 acrem

521 2833 737 2899 visum
797 2838 866 2899 et
921 2833 1357 2900 ministerium
1417 2834 1713 2901 divinum
1778 2834 2120 2900 coniunxit
2184 2835 2314 2917 ita,
2373 2841 2450 2901 ut
2510 2835 2741 2901 stellas
2801 2837 2889 2901 ad

522 2935 746 3002 Iovem
789 2934 1040 3001 referre
1087 2955 1531 3017 quaecumque
1575 2936 1922 3021 vidissent,
1965 2939 2350 3023 narraret-⁵)

1117 3105 1241 3162 Uncl
1274 3124 1430 3160 wcnn
1465 3106 1563 3161 der
1595 3107 1763 3161 Stern
1797 3107 1850 3161 si
1879 3107 2097 3161 Muttcr
2131 3107 2275 3162 sieht

1107 3193 1182 3247 So
1219 3192 1361 3246 wird
1396 3210 1456 3247 cr
1494 3192 1814 3248 todesbleich
1848 3192 1967 3247 und
1998 3193 2168 3262 flicht.

523 3275 790 3332 Similiter
833 3276 979 3333 idem
1014 3284 1176 3347 poeta
1222 3294 1507 3347 vesperum
1553 3279 1727 3333 filium
1775 3279 1905 3333 solis
1951 3279 2145 3334 matris
2192 3278 2342 3348 dicit,
2394 3295 2554 3346 quem
2601 3279 2889 3348 praecipue

523 3367 688 3432 amat,
724 3378 778 3417 v.
815 3379 1032 3418 carmen
1067 3362 1164 3416 cler
1197 3362 1540 3418 Abendstern
1575 3363 1914 3432 inscriptum.

696 3448 738 3517 ¹)
773 3448 841 3503 Ε.
874 3449 1054 3504 Aust
1087 3448 1346 3520 Religion
1371 3449 1468 3504 der
1491 3449 1697 3504 Romer
1719 3467 1847 3519 pag.
1872 3450 1956 3504 20.
2011 3450 2066 3505 Si
2090 3466 2217 3504 vero
2240 3450 2447 3518 posteri
2470 3450 2659 3505 stellas
2682 3464 2889 3505 sorores

521 3536 592 3603 (v.
629 3551 759 3605 pag.
799 3534 897 3588 116
933 3536 1057 3590 adn.
1087 3535 1139 3602 2)
1175 3536 1420 3604 laudant,
1468 3535 1569 3589 hoc
1604 3551 1673 3590 ex
1712 3535 2016 3604 peregrinis
2050 3535 2293 3590 fontibus
2340 3536 2598 3590 haustum
2636 3534 2914 3591 ‘fiximus'

695 3620 738 3691 ²)
776 3620 917 3676 Aliis
942 3636 1158 3689 quoque
1180 3620 1393 3690 populis
1429 3621 1713 3676 stellarum
1738 3621 2037 3677 multitudo
2062 3637 2199 3690 grex
2223 3637 2490 3690 agnorum
2515 3627 2625 3676 est:
2664 3637 2891 3676 comme·-

523 3721 726 3761 morem
761 3707 935 3761 solum
971 3707 1362 3761 Germanorum
1399 3722 1591 3762 versus
1626 3706 1901 3762 notissimi
1936 3706 2162 3774 eiusque
2197 3705 2582 3775 simplicissimi
2618 3705 2888 3777 carminis,

526 3804 631 3857 quo
653 3789 894 3846 infantes
916 3791 1152 3858 inquieti
1173 3792 1490 3861 placantur:
1515 3792 1637 3845 Der
1653 3792 1834 3846 Mond
1858 3791 1954 3846 der
1975 3792 2054 3846 ist
2076 3791 2177 3846 das
2202 3791 2561 3862 Schc'ifcrlcin,
2586 3790 2675 3846 die
2698 3782 2892 3847 Sterne

525 3873 654 3928 sind
687 3874 775 3930 die
808 3875 1207 3946 Lc‘immerlcin3
1244 3877 1370 3932 vide
1401 3878 1570 3932 etiam
1594 3879 1662 3933 de
1686 3878 1788 3932 hac
1812 3878 2204 3933 Germanorum
2239 3878 2550 3946 opinatione
2572 3878 2637 3933 E.
2662 3878 2891 3946 Meyer

525 3960 562 4013 1.
596 3960 634 4014 1.
668 3975 797 4029 pag.
832 3961 935 4014 219
970 3978 1011 4016 s.
1047 3961 1166 4016 602.

701 4044 741 4111 ⁸)
780 4046 1257 4102 Schwartzius
1292 4048 1327 4103 l.
1364 4049 1399 4102 1.
1436 4064 1563 4119 pag.
1589 4049 1692 4102 269
1727 4048 1870 4103 falsa
1904 4048 2120 4103 Horatii
2143 4048 2598 4118 interpretatione
2633 4048 2891 4103 inductus

524 4130 698 4200 (epod.
733 4131 839 4185 XV
872 4132 905 4185 2
942 4131 1089 4186 inter
1122 4132 1345 4186 mino-ra
1379 4132 1561 4187 sidera
1594 4133 1843 4204 fulyebat
1878 4133 2045 4203 luna).

695 4216 739 4287 ⁴)
777 4217 917 4273 Vide
952 4218 1119 4273 etiam
1157 4218 1389 4273 Senecae
1425 4219 1491 4274 de
1528 4219 1659 4274 ovili
1695 4237 1746 4276 v.
1781 4220 1817 4273 3
1854 4220 2028 4288 (PLM
2062 4220 2143 4274 IV
2177 4237 2304 4291 pag.
2341 4219 2457 4289 56):

935 4309 1088 4359 astra
1125 4304 1275 4360 subit
1309 4304 1490 4360 niveis
1526 4305 1743 4361 Phoebe
1779 4305 2025 4361 subiecta
2059 4307 2319 4362 iuvencis.

695 4387 739 4459 ὅ)
775 4389 918 4445 Vide
952 4405 1118 4458 supra
1152 4407 1280 4460 pag.
1319 4390 1434 4446 111.
