<?xml version="1.0" encoding="UTF-8"?>
<!DOCTYPE html PUBLIC "-//W3C//DTD XHTML 1.0 Transitional//EN"
    "http://www.w3.org/TR/xhtml1/DTD/xhtml1-transitional.dtd">
<html xmlns="http://www.w3.org/1999/xhtml" xml:lang="en" lang="en">
 <head>
  <title>
</title>
<meta http-equiv="Content-Type" content="text/html;charset=utf-8" />
  <meta name='ocr-system' content='tesseract 3.04.00' />
  <meta name='ocr-capabilities' content='ocr_page ocr_carea ocr_par ocr_line ocrx_word'/>
</head>
<body>
  <div class='ocr_page' id='page_1' title='image "./destellarumappe01gundgoog_0117.png"; bbox 0 0 3576 5085; ppageno 0'>
   <div class='ocr_carea' id='block_1_1' title="bbox 530 445 2894 531">
    <p class='ocr_par' dir='ltr' id='par_1_1' title="bbox 530 445 2894 531">
     <span class='ocr_line' id='line_1_1' title="bbox 530 445 2894 531; baseline -0.001 -28"><span class='ocrx_word' id='word_1_1' title='bbox 530 451 684 531; x_wconf 86' lang='lat'>109]</span> <span class='ocrx_word' id='word_1_2' title='bbox 978 449 1061 504; x_wconf 93' lang='lat' dir='ltr'><strong>De</strong></span> <span class='ocrx_word' id='word_1_3' title='bbox 1095 447 1378 503; x_wconf 88' lang='lat' dir='ltr'><strong>stellarum</strong></span> <span class='ocrx_word' id='word_1_4' title='bbox 1414 445 1781 516; x_wconf 80' lang='lat' dir='ltr'><strong>appellatione</strong></span> <span class='ocrx_word' id='word_1_5' title='bbox 1816 450 1873 501; x_wconf 93' lang='lat' dir='ltr'><strong>et</strong></span> <span class='ocrx_word' id='word_1_6' title='bbox 1907 446 2170 516; x_wconf 76' lang='lat' dir='ltr'>religione</span> <span class='ocrx_word' id='word_1_7' title='bbox 2203 446 2454 502; x_wconf 88' lang='lat' dir='ltr'><strong>Romana</strong></span> <span class='ocrx_word' id='word_1_8' title='bbox 2770 447 2894 514; x_wconf 83' lang='lat'><strong>201</strong></span> 
     </span>
    </p>
   </div>
   <div class='ocr_carea' id='block_1_2' title="bbox 472 616 2912 3060">
    <p class='ocr_par' dir='ltr' id='par_1_2' title="bbox 472 616 2908 2325">
     <span class='ocr_line' id='line_1_2' title="bbox 528 616 2897 702; baseline -0.002 -14"><span class='ocrx_word' id='word_1_9' title='bbox 528 639 651 688; x_wconf 88' lang='lat' dir='ltr'><strong>eas</strong></span> <span class='ocrx_word' id='word_1_10' title='bbox 694 619 958 686; x_wconf 89' lang='lat' dir='ltr'><strong>derivat</strong></span> <span class='ocrx_word' id='word_1_11' title='bbox 1004 620 1086 685; x_wconf 92' lang='lat' dir='ltr'><strong>de</strong></span> <span class='ocrx_word' id='word_1_12' title='bbox 1127 617 1445 684; x_wconf 74' lang='lat' dir='ltr'><strong>stellando.</strong></span> <span class='ocrx_word' id='word_1_13' title='bbox 1540 617 1728 699; x_wconf 76' lang='lat' dir='ltr'><strong>Quod</strong></span> <span class='ocrx_word' id='word_1_14' title='bbox 1772 636 1917 683; x_wconf 93' lang='lat' dir='ltr'><strong>cum</strong></span> <span class='ocrx_word' id='word_1_15' title='bbox 1964 616 2064 682; x_wconf 86' lang='lat' dir='ltr'><strong>ita</strong></span> <span class='ocrx_word' id='word_1_16' title='bbox 2107 617 2214 702; x_wconf 88' lang='lat' dir='ltr'><strong>sit,</strong></span> <span class='ocrx_word' id='word_1_17' title='bbox 2275 618 2454 684; x_wconf 91' lang='lat' dir='ltr'><strong>haud</strong></span> <span class='ocrx_word' id='word_1_18' title='bbox 2510 616 2897 684; x_wconf 86' lang='lat' dir='ltr'><strong>mirabimur</strong></span> 
     </span>
     <span class='ocr_line' id='line_1_3' title="bbox 526 719 2900 802; baseline -0.002 -12"><span class='ocrx_word' id='word_1_19' title='bbox 526 723 932 790; x_wconf 83' lang='lat' dir='ltr'><strong>recentiores</strong></span> <span class='ocrx_word' id='word_1_20' title='bbox 976 740 1016 787; x_wconf 91' lang='lat' dir='ltr'><strong>a</strong></span> <span class='ocrx_word' id='word_1_21' title='bbox 1055 723 1355 787; x_wconf 90' lang='lat' dir='ltr'><strong>veterum</strong></span> <span class='ocrx_word' id='word_1_22' title='bbox 1400 719 1817 802; x_wconf 86' lang='lat' dir='ltr'><strong>opinionibus</strong></span> <span class='ocrx_word' id='word_1_23' title='bbox 1861 719 2212 786; x_wconf 84' lang='lat' dir='ltr'><strong>recessisse</strong></span> <span class='ocrx_word' id='word_1_24' title='bbox 2271 726 2341 786; x_wconf 90' lang='lat' dir='ltr'><strong>et</strong></span> <span class='ocrx_word' id='word_1_25' title='bbox 2398 739 2605 789; x_wconf 89' lang='lat' dir='ltr'><strong>novas</strong></span> <span class='ocrx_word' id='word_1_26' title='bbox 2651 725 2900 802; x_wconf 87' lang='lat' dir='ltr'><strong>etymo-</strong></span> 
     </span>
     <span class='ocr_line' id='line_1_4' title="bbox 532 821 2899 908; baseline -0.001 -17"><span class='ocrx_word' id='word_1_27' title='bbox 532 825 741 908; x_wconf 84' lang='lat' dir='ltr'><strong>logias</strong></span> <span class='ocrx_word' id='word_1_28' title='bbox 784 824 1121 890; x_wconf 78' lang='lat' dir='ltr'><strong>statuisse.</strong></span> <span class='ocrx_word' id='word_1_29' title='bbox 1213 823 1504 905; x_wconf 75' lang='lat' dir='ltr'><strong>Quorum</strong></span> <span class='ocrx_word' id='word_1_30' title='bbox 1547 822 1624 888; x_wconf 79' lang='lat' dir='ltr'><strong>G.</strong></span> <span class='ocrx_word' id='word_1_31' title='bbox 1660 821 1932 888; x_wconf 89' lang='lat' dir='ltr'><strong>Vossius</strong></span> <span class='ocrx_word' id='word_1_32' title='bbox 1976 823 2018 887; x_wconf 94' lang='lat' dir='ltr'><strong>l.</strong></span> <span class='ocrx_word' id='word_1_33' title='bbox 2054 823 2097 888; x_wconf 90' lang='lat' dir='ltr'><strong>l.</strong></span> <span class='ocrx_word' id='word_1_34' title='bbox 2139 842 2189 888; x_wconf 87' lang='lat' dir='ltr'><strong>S.</strong></span> <span class='ocrx_word' id='word_1_35' title='bbox 2233 841 2295 890; x_wconf 90' lang='lat' dir='ltr'><strong>v.</strong></span> <span class='ocrx_word' id='word_1_36' title='bbox 2326 822 2592 889; x_wconf 78' lang='lat' dir='ltr'><strong>deducit</strong></span> <span class='ocrx_word' id='word_1_37' title='bbox 2635 824 2899 889; x_wconf 87' lang='lat' dir='ltr'><strong>stellam</strong></span> 
     </span>
     <span class='ocr_line' id='line_1_5' title="bbox 526 921 2902 1011; baseline -0.001 -19"><span class='ocrx_word' id='word_1_38' title='bbox 526 949 575 992; x_wconf 85' lang='lat' dir='ltr'><strong>a</strong></span> <span class='ocrx_word' id='word_1_39' title='bbox 619 926 809 1004; x_wconf 83' lang='grc' dir='ltr'><strong><em>σέλας</em></strong></span> <span class='ocrx_word' id='word_1_40' title='bbox 851 928 1062 992; x_wconf 76' lang='lat' dir='ltr'><strong>lumen</strong></span> <span class='ocrx_word' id='word_1_41' title='bbox 1104 925 1339 990; x_wconf 75' lang='lat' dir='ltr'><strong>adiecto</strong></span> <span class='ocrx_word' id='word_1_42' title='bbox 1380 948 1417 988; x_wconf 85' lang='grc' dir='ltr'><em>τ</em></span> <span class='ocrx_word' id='word_1_43' title='bbox 1457 926 1550 989; x_wconf 85' lang='lat' dir='ltr'><strong>vel</strong></span> <span class='ocrx_word' id='word_1_44' title='bbox 1590 947 1633 989; x_wconf 89' lang='grc' dir='ltr'><strong><em>α</em></strong></span> <span class='ocrx_word' id='word_1_45' title='bbox 1674 923 1876 988; x_wconf 83' lang='grc' dir='ltr'><em>τέλλω</em></span> <span class='ocrx_word' id='word_1_46' title='bbox 1923 921 2294 1011; x_wconf 80' lang='grc' dir='ltr'><strong><em>(ἀνατέλλω)</em></strong></span> <span class='ocrx_word' id='word_1_47' title='bbox 2330 927 2682 1006; x_wconf 78' lang='lat' dir='ltr'><strong>praeposito</strong></span> <span class='ocrx_word' id='word_1_48' title='bbox 2724 925 2902 990; x_wconf 83' lang='lat' dir='ltr'><strong>sibilo</strong></span> 
     </span>
     <span class='ocr_line' id='line_1_6' title="bbox 533 1025 2902 1114; baseline -0 -20"><span class='ocrx_word' id='word_1_49' title='bbox 533 1030 625 1095; x_wconf 81' lang='lat' dir='ltr'><strong>vel</strong></span> <span class='ocrx_word' id='word_1_50' title='bbox 666 1030 833 1114; x_wconf 83' lang='lat' dir='ltr'><strong>quod</strong></span> <span class='ocrx_word' id='word_1_51' title='bbox 873 1031 1186 1113; x_wconf 78' lang='lat' dir='ltr'><strong>imprimis</strong></span> <span class='ocrx_word' id='word_1_52' title='bbox 1243 1027 1440 1109; x_wconf 82' lang='lat' dir='ltr'><strong>placet</strong></span> <span class='ocrx_word' id='word_1_53' title='bbox 1499 1026 1639 1090; x_wconf 75' lang='grc' dir='ltr'><strong><em>κατ’</em></strong></span> <span class='ocrx_word' id='word_1_54' title='bbox 1700 1025 2045 1112; x_wconf 81' lang='grc' dir='ltr'><strong><em>ἀφαίρεσιν</em></strong></span> <span class='ocrx_word' id='word_1_55' title='bbox 2094 1026 2171 1109; x_wconf 83' lang='lat' dir='ltr'><strong>fit</strong></span> <span class='ocrx_word' id='word_1_56' title='bbox 2211 1048 2285 1092; x_wconf 79' lang='lat' dir='ltr'><strong>ex</strong></span> <span class='ocrx_word' id='word_1_57' title='bbox 2326 1025 2580 1112; x_wconf 81' lang='grc' dir='ltr'><strong><em>ἀστέρα.</em></strong></span> <span class='ocrx_word' id='word_1_58' title='bbox 2681 1028 2902 1109; x_wconf 85' lang='lat' dir='ltr'><strong>Atque</strong></span> 
     </span>
     <span class='ocr_line' id='line_1_7' title="bbox 529 1130 2904 1214; baseline -0.003 -14"><span class='ocrx_word' id='word_1_59' title='bbox 529 1133 878 1200; x_wconf 88' lang='lat' dir='ltr'><strong>confirmat</strong></span> <span class='ocrx_word' id='word_1_60' title='bbox 934 1132 1106 1198; x_wconf 89' lang='lat' dir='ltr'><strong>hanc</strong></span> <span class='ocrx_word' id='word_1_61' title='bbox 1157 1130 1598 1197; x_wconf 88' lang='lat' dir='ltr'><strong>coniecturam</strong></span> <span class='ocrx_word' id='word_1_62' title='bbox 1658 1149 1752 1213; x_wconf 92' lang='lat' dir='ltr'><strong>eo,</strong></span> <span class='ocrx_word' id='word_1_63' title='bbox 1812 1132 1984 1212; x_wconf 90' lang='lat' dir='ltr'><strong>quod</strong></span> <span class='ocrx_word' id='word_1_64' title='bbox 2041 1130 2240 1197; x_wconf 87' lang='lat' dir='ltr'><strong>latini</strong></span> <span class='ocrx_word' id='word_1_65' title='bbox 2292 1149 2481 1198; x_wconf 89' lang='lat' dir='ltr'><strong>casus</strong></span> <span class='ocrx_word' id='word_1_66' title='bbox 2523 1130 2600 1195; x_wconf 85' lang='lat' dir='ltr'><strong>ab</strong></span> <span class='ocrx_word' id='word_1_67' title='bbox 2644 1131 2904 1214; x_wconf 81' lang='lat' dir='ltr'><strong>obliquis</strong></span> 
     </span>
     <span class='ocr_line' id='line_1_8' title="bbox 534 1232 2902 1316; baseline 0 -17"><span class='ocrx_word' id='word_1_68' title='bbox 534 1235 921 1299; x_wconf 80' lang='lat' dir='ltr'><strong>Graecorum</strong></span> <span class='ocrx_word' id='word_1_69' title='bbox 951 1241 1148 1298; x_wconf 82' lang='lat' dir='ltr'><strong>rectos</strong></span> <span class='ocrx_word' id='word_1_70' title='bbox 1173 1253 1317 1297; x_wconf 74' lang='lat' dir='ltr'><strong>suos</strong></span> <span class='ocrx_word' id='word_1_71' title='bbox 1341 1232 1599 1315; x_wconf 78' lang='lat' dir='ltr'><strong>firmare</strong></span> <span class='ocrx_word' id='word_1_72' title='bbox 1628 1233 1834 1298; x_wconf 75' lang='lat' dir='ltr'><strong>solent.</strong></span> <span class='ocrx_word' id='word_1_73' title='bbox 1879 1234 2068 1316; x_wconf 76' lang='lat' dir='ltr'><strong>Quae</strong></span> <span class='ocrx_word' id='word_1_74' title='bbox 2097 1235 2210 1301; x_wconf 91' lang='lat' dir='ltr'><strong>Vo</strong></span> <span class='ocrx_word' id='word_1_75' title='bbox 2227 1252 2259 1300; x_wconf 87' lang='lat' dir='ltr'><strong>s</strong></span> <span class='ocrx_word' id='word_1_76' title='bbox 2275 1233 2385 1300; x_wconf 85' lang='lat' dir='ltr'><strong>sii</strong></span> <span class='ocrx_word' id='word_1_77' title='bbox 2416 1232 2902 1300; x_wconf 85' lang='lat' dir='ltr'><strong>autoschedias-</strong></span> 
     </span>
     <span class='ocr_line' id='line_1_9' title="bbox 532 1335 2903 1419; baseline -0.001 -16"><span class='ocrx_word' id='word_1_78' title='bbox 532 1344 718 1404; x_wconf 90' lang='lat' dir='ltr'><strong>mata</strong></span> <span class='ocrx_word' id='word_1_79' title='bbox 774 1336 1136 1419; x_wconf 87' lang='lat' dir='ltr'><strong>posteriore</strong></span> <span class='ocrx_word' id='word_1_80' title='bbox 1195 1354 1359 1402; x_wconf 89' lang='lat' dir='ltr'><strong>aevo</strong></span> <span class='ocrx_word' id='word_1_81' title='bbox 1421 1355 1462 1402; x_wconf 92' lang='lat' dir='ltr'><strong>a</strong></span> <span class='ocrx_word' id='word_1_82' title='bbox 1519 1335 1684 1404; x_wconf 91' lang='lat' dir='ltr'><strong>viris</strong></span> <span class='ocrx_word' id='word_1_83' title='bbox 1743 1336 1955 1402; x_wconf 90' lang='lat' dir='ltr'><strong>doctis</strong></span> <span class='ocrx_word' id='word_1_84' title='bbox 2006 1337 2202 1419; x_wconf 90' lang='lat' dir='ltr'><strong>longe</strong></span> <span class='ocrx_word' id='word_1_85' title='bbox 2261 1336 2498 1403; x_wconf 87' lang='lat' dir='ltr'><strong>relicta</strong></span> <span class='ocrx_word' id='word_1_86' title='bbox 2556 1341 2730 1419; x_wconf 88' lang='lat' dir='ltr'><strong>sunt,</strong></span> <span class='ocrx_word' id='word_1_87' title='bbox 2791 1335 2903 1416; x_wconf 89' lang='lat' dir='ltr'><strong>qui</strong></span> 
     </span>
     <span class='ocr_line' id='line_1_10' title="bbox 533 1438 2903 1524; baseline -0.001 -18"><span class='ocrx_word' id='word_1_88' title='bbox 533 1444 989 1522; x_wconf 85' lang='lat' dir='ltr'><strong>cognoverunt</strong></span> <span class='ocrx_word' id='word_1_89' title='bbox 1033 1439 1295 1505; x_wconf 90' lang='lat' dir='ltr'><strong>stellam</strong></span> <span class='ocrx_word' id='word_1_90' title='bbox 1334 1440 1678 1505; x_wconf 89' lang='lat' dir='ltr'><strong>deductam</strong></span> <span class='ocrx_word' id='word_1_91' title='bbox 1726 1457 1869 1505; x_wconf 88' lang='lat' dir='ltr'><strong>esse</strong></span> <span class='ocrx_word' id='word_1_92' title='bbox 1915 1457 1997 1504; x_wconf 89' lang='lat' dir='ltr'><strong>ex</strong></span> <span class='ocrx_word' id='word_1_93' title='bbox 2041 1439 2250 1506; x_wconf 89' lang='lat' dir='ltr'><strong>forma</strong></span> <span class='ocrx_word' id='word_1_94' title='bbox 2292 1438 2605 1524; x_wconf 75' lang='lat' dir='ltr'><strong>steruza.1)</strong></span> <span class='ocrx_word' id='word_1_95' title='bbox 2694 1439 2903 1521; x_wconf 77' lang='lat' dir='ltr'><strong>Quam</strong></span> 
     </span>
     <span class='ocr_line' id='line_1_11' title="bbox 537 1540 2904 1624; baseline 0 -17"><span class='ocrx_word' id='word_1_96' title='bbox 537 1540 813 1608; x_wconf 88' lang='lat' dir='ltr'><strong>formam</strong></span> <span class='ocrx_word' id='word_1_97' title='bbox 858 1542 1144 1622; x_wconf 91' lang='lat' dir='ltr'><strong>pendere</strong></span> <span class='ocrx_word' id='word_1_98' title='bbox 1191 1560 1273 1607; x_wconf 84' lang='lat' dir='ltr'><strong>ex</strong></span> <span class='ocrx_word' id='word_1_99' title='bbox 1316 1541 1541 1607; x_wconf 85' lang='lat' dir='ltr'><strong>radice</strong></span> <span class='ocrx_word' id='word_1_100' title='bbox 1583 1546 1733 1624; x_wconf 80' lang='lat' dir='ltr'><strong>star,</strong></span> <span class='ocrx_word' id='word_1_101' title='bbox 1776 1560 1945 1622; x_wconf 88' lang='lat' dir='ltr'><strong>quae</strong></span> <span class='ocrx_word' id='word_1_102' title='bbox 1977 1542 2206 1616; x_wconf 89' lang='lat' dir='ltr'><strong>eadem</strong></span> <span class='ocrx_word' id='word_1_103' title='bbox 2250 1545 2556 1608; x_wconf 86' lang='lat' dir='ltr'><strong>recurrat</strong></span> <span class='ocrx_word' id='word_1_104' title='bbox 2597 1542 2667 1607; x_wconf 94' lang='lat' dir='ltr'><strong>in</strong></span> <span class='ocrx_word' id='word_1_105' title='bbox 2698 1543 2904 1609; x_wconf 88' lang='lat' dir='ltr'><strong>verbo</strong></span> 
     </span>
     <span class='ocr_line' id='line_1_12' title="bbox 472 1644 2903 1728; baseline 0.001 -20"><span class='ocrx_word' id='word_1_106' title='bbox 472 1661 476 1665; x_wconf 87' lang='lat'>·</span> <span class='ocrx_word' id='word_1_107' title='bbox 530 1649 821 1728; x_wconf 78' lang='lat' dir='ltr'><strong>sternere,</strong></span> <span class='ocrx_word' id='word_1_108' title='bbox 865 1644 968 1710; x_wconf 83' lang='lat' dir='ltr'><strong>ita</strong></span> <span class='ocrx_word' id='word_1_109' title='bbox 1011 1648 1088 1710; x_wconf 90' lang='lat' dir='ltr'><strong>ut</strong></span> <span class='ocrx_word' id='word_1_110' title='bbox 1131 1644 1365 1709; x_wconf 88' lang='lat' dir='ltr'><strong>stellae</strong></span> <span class='ocrx_word' id='word_1_111' title='bbox 1411 1644 1846 1727; x_wconf 87' lang='lat' dir='ltr'><strong>appellentur,</strong></span> <span class='ocrx_word' id='word_1_112' title='bbox 1908 1648 2026 1709; x_wconf 91' lang='lat' dir='ltr'><strong>aut</strong></span> <span class='ocrx_word' id='word_1_113' title='bbox 2085 1646 2258 1725; x_wconf 91' lang='lat' dir='ltr'><strong>quod</strong></span> <span class='ocrx_word' id='word_1_114' title='bbox 2300 1644 2371 1709; x_wconf 91' lang='lat' dir='ltr'><strong>in</strong></span> <span class='ocrx_word' id='word_1_115' title='bbox 2416 1645 2598 1710; x_wconf 87' lang='lat' dir='ltr'><strong>caelo</strong></span> <span class='ocrx_word' id='word_1_116' title='bbox 2642 1649 2903 1711; x_wconf 86' lang='lat' dir='ltr'><strong>stratae</strong></span> 
     </span>
     <span class='ocr_line' id='line_1_13' title="bbox 534 1745 2905 1831; baseline 0 -19"><span class='ocrx_word' id='word_1_117' title='bbox 534 1747 689 1830; x_wconf 84' lang='lat' dir='ltr'><strong>sint,</strong></span> <span class='ocrx_word' id='word_1_118' title='bbox 750 1750 870 1813; x_wconf 89' lang='lat' dir='ltr'><strong>aut</strong></span> <span class='ocrx_word' id='word_1_119' title='bbox 931 1748 1102 1828; x_wconf 91' lang='lat' dir='ltr'><strong>quod</strong></span> <span class='ocrx_word' id='word_1_120' title='bbox 1158 1745 1346 1829; x_wconf 89' lang='lat' dir='ltr'><strong>ipsae</strong></span> <span class='ocrx_word' id='word_1_121' title='bbox 1404 1747 1626 1812; x_wconf 92' lang='lat' dir='ltr'><strong>lumen</strong></span> <span class='ocrx_word' id='word_1_122' title='bbox 1685 1746 2065 1831; x_wconf 78' lang='lat' dir='ltr'><strong>sternant.²)</strong></span> <span class='ocrx_word' id='word_1_123' title='bbox 2169 1747 2299 1813; x_wconf 86' lang='lat' dir='ltr'><strong>Sed</strong></span> <span class='ocrx_word' id='word_1_124' title='bbox 2370 1747 2542 1812; x_wconf 91' lang='lat' dir='ltr'><strong>hanc</strong></span> <span class='ocrx_word' id='word_1_125' title='bbox 2608 1746 2905 1812; x_wconf 85' lang='lat' dir='ltr'><strong>ultimam</strong></span> 
     </span>
     <span class='ocr_line' id='line_1_14' title="bbox 535 1846 2908 1931; baseline -0.002 -16"><span class='ocrx_word' id='word_1_126' title='bbox 535 1848 937 1915; x_wconf 86' lang='lat' dir='ltr'><strong>sententiam</strong></span> <span class='ocrx_word' id='word_1_127' title='bbox 962 1846 1401 1914; x_wconf 83' lang='lat' dir='ltr'><strong>labefactavit</strong></span> <span class='ocrx_word' id='word_1_128' title='bbox 1424 1847 1502 1913; x_wconf 78' lang='lat' dir='ltr'><strong>G.</strong></span> <span class='ocrx_word' id='word_1_129' title='bbox 1530 1847 1578 1912; x_wconf 85' lang='lat' dir='ltr'>C</span> <span class='ocrx_word' id='word_1_130' title='bbox 1595 1866 1640 1912; x_wconf 94' lang='lat' dir='ltr'><strong>u</strong></span> <span class='ocrx_word' id='word_1_131' title='bbox 1654 1868 1690 1913; x_wconf 98' lang='lat' dir='ltr'><strong>r</strong></span> <span class='ocrx_word' id='word_1_132' title='bbox 1706 1847 1835 1913; x_wconf 92' lang='lat' dir='ltr'><strong>tiu</strong></span> <span class='ocrx_word' id='word_1_133' title='bbox 1851 1867 1883 1914; x_wconf 92' lang='lat' dir='ltr'><strong>s</strong></span> <span class='ocrx_word' id='word_1_134' title='bbox 1905 1848 2009 1914; x_wconf 91' lang='grc'><strong>1.1.</strong></span> <span class='ocrx_word' id='word_1_135' title='bbox 2032 1866 2093 1930; x_wconf 92' lang='lat' dir='ltr'><strong>p.</strong></span> <span class='ocrx_word' id='word_1_136' title='bbox 2111 1848 2256 1931; x_wconf 83' lang='lat'><strong>206,</strong></span> <span class='ocrx_word' id='word_1_137' title='bbox 2285 1850 2439 1914; x_wconf 90' lang='lat' dir='ltr'><strong>dum</strong></span> <span class='ocrx_word' id='word_1_138' title='bbox 2462 1848 2753 1914; x_wconf 91' lang='lat' dir='ltr'><strong>radicem</strong></span> <span class='ocrx_word' id='word_1_139' title='bbox 2776 1854 2908 1912; x_wconf 77' lang='lat' dir='ltr'><strong>star</strong></span> 
     </span>
     <span class='ocr_line' id='line_1_15' title="bbox 534 1950 2904 2033; baseline 0 -17"><span class='ocrx_word' id='word_1_140' title='bbox 534 1953 619 2016; x_wconf 91' lang='lat' dir='ltr'><strong>de</strong></span> <span class='ocrx_word' id='word_1_141' title='bbox 663 1952 810 2016; x_wconf 92' lang='lat' dir='ltr'><strong>luce</strong></span> <span class='ocrx_word' id='word_1_142' title='bbox 854 1968 1179 2032; x_wconf 89' lang='lat' dir='ltr'><strong>nusquam</strong></span> <span class='ocrx_word' id='word_1_143' title='bbox 1239 1950 1559 2032; x_wconf 88' lang='lat' dir='ltr'><strong>adhiberi,</strong></span> <span class='ocrx_word' id='word_1_144' title='bbox 1628 1950 1790 2032; x_wconf 91' lang='lat' dir='ltr'><strong>quin</strong></span> <span class='ocrx_word' id='word_1_145' title='bbox 1848 1951 2043 2016; x_wconf 92' lang='lat' dir='ltr'><strong>immo</strong></span> <span class='ocrx_word' id='word_1_146' title='bbox 2087 1951 2283 2017; x_wconf 90' lang='lat' dir='ltr'><strong>huius</strong></span> <span class='ocrx_word' id='word_1_147' title='bbox 2328 1950 2575 2017; x_wconf 85' lang='lat' dir='ltr'><strong>radicis</strong></span> <span class='ocrx_word' id='word_1_148' title='bbox 2619 1950 2904 2033; x_wconf 88' lang='lat' dir='ltr'><strong>primiti·</strong></span> 
     </span>
     <span class='ocr_line' id='line_1_16' title="bbox 539 2052 2906 2138; baseline 0 -19"><span class='ocrx_word' id='word_1_149' title='bbox 539 2070 693 2119; x_wconf 92' lang='lat' dir='ltr'><strong>vam</strong></span> <span class='ocrx_word' id='word_1_150' title='bbox 722 2052 857 2120; x_wconf 87' lang='lat' dir='ltr'><strong>vim</strong></span> <span class='ocrx_word' id='word_1_151' title='bbox 889 2052 1103 2133; x_wconf 88' lang='lat' dir='ltr'><strong>qualis</strong></span> <span class='ocrx_word' id='word_1_152' title='bbox 1125 2052 1330 2118; x_wconf 88' lang='lat' dir='ltr'><strong>fuerit</strong></span> <span class='ocrx_word' id='word_1_153' title='bbox 1360 2053 1571 2119; x_wconf 86' lang='lat' dir='ltr'><strong>statui</strong></span> <span class='ocrx_word' id='word_1_154' title='bbox 1592 2052 1788 2119; x_wconf 92' lang='lat' dir='ltr'><strong>hodie</strong></span> <span class='ocrx_word' id='word_1_155' title='bbox 1819 2053 1952 2119; x_wconf 91' lang='lat' dir='ltr'><strong>iam</strong></span> <span class='ocrx_word' id='word_1_156' title='bbox 1975 2073 2104 2121; x_wconf 90' lang='lat' dir='ltr'><strong>non</strong></span> <span class='ocrx_word' id='word_1_157' title='bbox 2127 2072 2316 2136; x_wconf 88' lang='lat' dir='ltr'><strong>posse</strong></span> <span class='ocrx_word' id='word_1_158' title='bbox 2350 2053 2906 2138; x_wconf 82' lang='lat' dir='ltr'><strong>demonstravit.⁸)</strong></span> 
     </span>
     <span class='ocr_line' id='line_1_17' title="bbox 536 2155 2907 2238; baseline 0 -15"><span class='ocrx_word' id='word_1_159' title='bbox 536 2156 764 2238; x_wconf 77' lang='lat' dir='ltr'><strong>Quare</strong></span> <span class='ocrx_word' id='word_1_160' title='bbox 807 2155 1301 2237; x_wconf 90' lang='lat' dir='ltr'><strong>acquiescamus</strong></span> <span class='ocrx_word' id='word_1_161' title='bbox 1346 2155 1757 2223; x_wconf 84' lang='lat' dir='ltr'><strong>affirmantes</strong></span> <span class='ocrx_word' id='word_1_162' title='bbox 1787 2157 2031 2221; x_wconf 81' lang='lat' dir='ltr'><strong>stellam</strong></span> <span class='ocrx_word' id='word_1_163' title='bbox 2075 2176 2116 2223; x_wconf 88' lang='lat' dir='ltr'><strong>a</strong></span> <span class='ocrx_word' id='word_1_164' title='bbox 2160 2155 2385 2223; x_wconf 88' lang='lat' dir='ltr'><strong>radice</strong></span> <span class='ocrx_word' id='word_1_165' title='bbox 2425 2161 2566 2221; x_wconf 82' lang='lat' dir='ltr'><strong>star</strong></span> <span class='ocrx_word' id='word_1_166' title='bbox 2608 2157 2907 2223; x_wconf 88' lang='lat' dir='ltr'><strong>incertae</strong></span> 
     </span>
     <span class='ocr_line' id='line_1_18' title="bbox 538 2257 1463 2325; baseline 0.001 -2"><span class='ocrx_word' id='word_1_167' title='bbox 538 2257 826 2325; x_wconf 89' lang='lat' dir='ltr'><strong>notionis</strong></span> <span class='ocrx_word' id='word_1_168' title='bbox 871 2277 1013 2324; x_wconf 90' lang='lat' dir='ltr'><strong>esse</strong></span> <span class='ocrx_word' id='word_1_169' title='bbox 1070 2259 1463 2324; x_wconf 85' lang='lat' dir='ltr'><strong>derivatam.</strong></span> 
     </span>
    </p>

    <p class='ocr_par' dir='ltr' id='par_1_3' title="bbox 506 2359 2912 3060">
     <span class='ocr_line' id='line_1_19' title="bbox 506 2359 2908 2446; baseline 0.001 -20"><span class='ocrx_word' id='word_1_170' title='bbox 506 2441 511 2442; x_wconf 8' lang='grc' dir='ltr'><em>γ</em></span> <span class='ocrx_word' id='word_1_171' title='bbox 709 2362 818 2428; x_wconf 91' lang='lat' dir='ltr'><strong>Ab</strong></span> <span class='ocrx_word' id='word_1_172' title='bbox 842 2363 1072 2427; x_wconf 90' lang='lat' dir='ltr'><strong>eadem</strong></span> <span class='ocrx_word' id='word_1_173' title='bbox 1093 2361 1316 2428; x_wconf 85' lang='lat' dir='ltr'><strong>radice</strong></span> <span class='ocrx_word' id='word_1_174' title='bbox 1340 2364 1585 2444; x_wconf 89' lang='lat' dir='ltr'><strong>pendet</strong></span> <span class='ocrx_word' id='word_1_175' title='bbox 1608 2361 2011 2428; x_wconf 84' lang='lat' dir='ltr'><strong>Graecorum</strong></span> <span class='ocrx_word' id='word_1_176' title='bbox 2037 2359 2344 2446; x_wconf 49' lang='grc' dir='ltr'><strong>ἅστρονβ)</strong></span> <span class='ocrx_word' id='word_1_177' title='bbox 2369 2363 2539 2443; x_wconf 91' lang='lat' dir='ltr'><strong>quod</strong></span> <span class='ocrx_word' id='word_1_178' title='bbox 2565 2363 2908 2446; x_wconf 87' lang='lat' dir='ltr'><strong>Augustea</strong></span> 
     </span>
     <span class='ocr_line' id='line_1_20' title="bbox 534 2464 2908 2549; baseline 0 -18"><span class='ocrx_word' id='word_1_179' title='bbox 534 2464 677 2531; x_wconf 80' lang='lat' dir='ltr'><strong>fere</strong></span> <span class='ocrx_word' id='word_1_180' title='bbox 722 2468 950 2532; x_wconf 87' lang='lat' dir='ltr'><strong>aetate</strong></span> <span class='ocrx_word' id='word_1_181' title='bbox 995 2484 1036 2531; x_wconf 92' lang='lat' dir='ltr'><strong>a</strong></span> <span class='ocrx_word' id='word_1_182' title='bbox 1066 2466 1500 2532; x_wconf 87' lang='lat' dir='ltr'><strong>Romanorum</strong></span> <span class='ocrx_word' id='word_1_183' title='bbox 1546 2464 1759 2548; x_wconf 87' lang='lat' dir='ltr'><strong>poetis</strong></span> <span class='ocrx_word' id='word_1_184' title='bbox 1804 2471 2139 2549; x_wconf 87' lang='lat' dir='ltr'><strong>receptum</strong></span> <span class='ocrx_word' id='word_1_185' title='bbox 2185 2469 2255 2532; x_wconf 88' lang='lat' dir='ltr'><strong>et</strong></span> <span class='ocrx_word' id='word_1_186' title='bbox 2297 2467 2522 2531; x_wconf 91' lang='lat' dir='ltr'><strong>eodem</strong></span> <span class='ocrx_word' id='word_1_187' title='bbox 2550 2467 2736 2531; x_wconf 94' lang='lat' dir='ltr'><strong>modo</strong></span> <span class='ocrx_word' id='word_1_188' title='bbox 2781 2483 2908 2548; x_wconf 89' lang='lat' dir='ltr'><strong>quo</strong></span> 
     </span>
     <span class='ocr_line' id='line_1_21' title="bbox 536 2568 2909 2655; baseline 0 -20"><span class='ocrx_word' id='word_1_189' title='bbox 536 2569 776 2635; x_wconf 86' lang='lat' dir='ltr'><strong>stellae</strong></span> <span class='ocrx_word' id='word_1_190' title='bbox 812 2587 1045 2635; x_wconf 92' lang='lat' dir='ltr'><strong>nomen</strong></span> <span class='ocrx_word' id='word_1_191' title='bbox 1077 2573 1467 2651; x_wconf 89' lang='lat' dir='ltr'><strong>usurpatum</strong></span> <span class='ocrx_word' id='word_1_192' title='bbox 1513 2573 1633 2634; x_wconf 89' lang='lat' dir='ltr'><strong>est.</strong></span> <span class='ocrx_word' id='word_1_193' title='bbox 1721 2568 1922 2635; x_wconf 84' lang='lat' dir='ltr'><strong>Cuius</strong></span> <span class='ocrx_word' id='word_1_194' title='bbox 1951 2569 2051 2635; x_wconf 92' lang='lat' dir='ltr'><strong>rei</strong></span> <span class='ocrx_word' id='word_1_195' title='bbox 2080 2570 2383 2651; x_wconf 85' lang='lat' dir='ltr'><strong>exempla</strong></span> <span class='ocrx_word' id='word_1_196' title='bbox 2413 2571 2652 2636; x_wconf 88' lang='lat' dir='ltr'><strong>afferre</strong></span> <span class='ocrx_word' id='word_1_197' title='bbox 2682 2587 2909 2655; x_wconf 88' lang='lat' dir='ltr'><strong>super-</strong></span> 
     </span>
     <span class='ocr_line' id='line_1_22' title="bbox 539 2671 2910 2755; baseline -0 -17"><span class='ocrx_word' id='word_1_198' title='bbox 539 2673 751 2753; x_wconf 87' lang='lat' dir='ltr'><strong>sede0,</strong></span> <span class='ocrx_word' id='word_1_199' title='bbox 810 2690 957 2737; x_wconf 92' lang='lat' dir='ltr'><strong>cum</strong></span> <span class='ocrx_word' id='word_1_200' title='bbox 1017 2671 1234 2736; x_wconf 91' lang='lat' dir='ltr'><strong>omnia</strong></span> <span class='ocrx_word' id='word_1_201' title='bbox 1295 2671 1613 2737; x_wconf 85' lang='lat' dir='ltr'><strong>exhibeat</strong></span> <span class='ocrx_word' id='word_1_202' title='bbox 1672 2672 2053 2737; x_wconf 88' lang='lat' dir='ltr'><strong>Thesaurus</strong></span> <span class='ocrx_word' id='word_1_203' title='bbox 2110 2671 2384 2755; x_wconf 88' lang='lat' dir='ltr'><strong>linguae</strong></span> <span class='ocrx_word' id='word_1_204' title='bbox 2440 2672 2694 2738; x_wconf 89' lang='lat' dir='ltr'><strong>latinae</strong></span> <span class='ocrx_word' id='word_1_205' title='bbox 2753 2690 2803 2737; x_wconf 91' lang='lat' dir='ltr'><strong>s.</strong></span> <span class='ocrx_word' id='word_1_206' title='bbox 2848 2691 2910 2740; x_wconf 92' lang='lat' dir='ltr'><strong>v.</strong></span> 
     </span>
     <span class='ocr_line' id='line_1_23' title="bbox 539 2773 2910 2857; baseline 0.002 -20"><span class='ocrx_word' id='word_1_207' title='bbox 539 2779 835 2837; x_wconf 61' lang='lat' dir='ltr'><strong>astrums</strong></span> <span class='ocrx_word' id='word_1_208' title='bbox 888 2773 1028 2838; x_wconf 92' lang='lat' dir='ltr'><strong>Nec</strong></span> <span class='ocrx_word' id='word_1_209' title='bbox 1070 2791 1200 2839; x_wconf 92' lang='lat' dir='ltr'><strong>non</strong></span> <span class='ocrx_word' id='word_1_210' title='bbox 1243 2774 1471 2839; x_wconf 89' lang='lat' dir='ltr'><strong>eadem</strong></span> <span class='ocrx_word' id='word_1_211' title='bbox 1509 2776 1612 2838; x_wconf 90' lang='lat' dir='ltr'><strong>est</strong></span> <span class='ocrx_word' id='word_1_212' title='bbox 1655 2773 1840 2854; x_wconf 90' lang='lat' dir='ltr'><strong>origo</strong></span> <span class='ocrx_word' id='word_1_213' title='bbox 1871 2774 2050 2840; x_wconf 91' lang='lat' dir='ltr'><strong>vocis</strong></span> <span class='ocrx_word' id='word_1_214' title='bbox 2081 2780 2257 2857; x_wconf 81' lang='lat' dir='ltr'><strong>aster,</strong></span> <span class='ocrx_word' id='word_1_215' title='bbox 2304 2791 2471 2854; x_wconf 87' lang='lat' dir='ltr'><strong>quae</strong></span> <span class='ocrx_word' id='word_1_216' title='bbox 2501 2792 2658 2842; x_wconf 90' lang='lat' dir='ltr'><strong>vero</strong></span> <span class='ocrx_word' id='word_1_217' title='bbox 2688 2774 2910 2841; x_wconf 91' lang='lat' dir='ltr'><strong>rarius</strong></span> 
     </span>
     <span class='ocr_line' id='line_1_24' title="bbox 541 2872 2911 2960; baseline 0.002 -22"><span class='ocrx_word' id='word_1_218' title='bbox 541 2872 792 2955; x_wconf 89' lang='lat' dir='ltr'><strong>legitur</strong></span> <span class='ocrx_word' id='word_1_219' title='bbox 844 2892 885 2939; x_wconf 94' lang='lat' dir='ltr'><strong>a</strong></span> <span class='ocrx_word' id='word_1_220' title='bbox 927 2872 1240 2939; x_wconf 85' lang='lat' dir='ltr'><strong>Romanis</strong></span> <span class='ocrx_word' id='word_1_221' title='bbox 1300 2873 1617 2940; x_wconf 88' lang='lat' dir='ltr'><strong>adhibita.</strong></span> <span class='ocrx_word' id='word_1_222' title='bbox 1719 2873 1883 2940; x_wconf 86' lang='lat' dir='ltr'><strong>Loci</strong></span> <span class='ocrx_word' id='word_1_223' title='bbox 1942 2874 2178 2956; x_wconf 88' lang='lat' dir='ltr'><strong>quibus</strong></span> <span class='ocrx_word' id='word_1_224' title='bbox 2237 2874 2490 2957; x_wconf 90' lang='lat' dir='ltr'><strong>scripta</strong></span> <span class='ocrx_word' id='word_1_225' title='bbox 2548 2876 2670 2960; x_wconf 89' lang='lat' dir='ltr'><strong>sit,</strong></span> <span class='ocrx_word' id='word_1_226' title='bbox 2728 2876 2911 2959; x_wconf 88' lang='lat' dir='ltr'><strong>leges</strong></span> 
     </span>
     <span class='ocr_line' id='line_1_25' title="bbox 544 2974 2912 3060; baseline 0.002 -19"><span class='ocrx_word' id='word_1_227' title='bbox 544 2974 1057 3059; x_wconf 87' lang='lat' dir='ltr'><strong>diligentissime</strong></span> <span class='ocrx_word' id='word_1_228' title='bbox 1101 2976 1407 3043; x_wconf 84' lang='lat' dir='ltr'><strong>collectos</strong></span> <span class='ocrx_word' id='word_1_229' title='bbox 1449 2976 1520 3042; x_wconf 93' lang='lat' dir='ltr'><strong>in</strong></span> <span class='ocrx_word' id='word_1_230' title='bbox 1565 2978 1905 3043; x_wconf 80' lang='lat' dir='ltr'><strong>Thesauro</strong></span> <span class='ocrx_word' id='word_1_231' title='bbox 1935 2977 2203 3060; x_wconf 90' lang='lat' dir='ltr'><strong>linguae</strong></span> <span class='ocrx_word' id='word_1_232' title='bbox 2238 2978 2493 3045; x_wconf 88' lang='lat' dir='ltr'><strong>latinae</strong></span> <span class='ocrx_word' id='word_1_233' title='bbox 2532 2997 2582 3044; x_wconf 79' lang='lat' dir='ltr'><strong>s,</strong></span> <span class='ocrx_word' id='word_1_234' title='bbox 2626 2997 2687 3046; x_wconf 90' lang='lat' dir='ltr'><strong>v.</strong></span> <span class='ocrx_word' id='word_1_235' title='bbox 2730 2983 2912 3045; x_wconf 81' lang='lat' dir='ltr'><strong>aster.</strong></span> 
     </span>
    </p>
   </div>
   <div class='ocr_carea' id='block_1_3' title="bbox 541 3094 2914 3799">
    <p class='ocr_par' dir='ltr' id='par_1_4' title="bbox 541 3094 2912 3486">
     <span class='ocr_line' id='line_1_26' title="bbox 718 3094 2911 3180; baseline 0.002 -20"><span class='ocrx_word' id='word_1_236' title='bbox 718 3095 851 3161; x_wconf 91' lang='lat' dir='ltr'><strong>Ubi</strong></span> <span class='ocrx_word' id='word_1_237' title='bbox 895 3094 1191 3178; x_wconf 84' lang='lat' dir='ltr'><strong>singulas</strong></span> <span class='ocrx_word' id='word_1_238' title='bbox 1236 3097 1469 3162; x_wconf 89' lang='lat' dir='ltr'><strong>stellas</strong></span> <span class='ocrx_word' id='word_1_239' title='bbox 1528 3115 1657 3163; x_wconf 94' lang='lat' dir='ltr'><strong>uno</strong></span> <span class='ocrx_word' id='word_1_240' title='bbox 1702 3100 2056 3180; x_wconf 88' lang='lat' dir='ltr'><strong>conspectu</strong></span> <span class='ocrx_word' id='word_1_241' title='bbox 2103 3098 2558 3164; x_wconf 86' lang='lat' dir='ltr'><strong>consideratas</strong></span> <span class='ocrx_word' id='word_1_242' title='bbox 2620 3097 2689 3165; x_wconf 93' lang='lat' dir='ltr'><strong>in</strong></span> <span class='ocrx_word' id='word_1_243' title='bbox 2749 3098 2911 3165; x_wconf 90' lang='lat' dir='ltr'><strong>ima-</strong></span> 
     </span>
     <span class='ocr_line' id='line_1_27' title="bbox 542 3197 2912 3283; baseline 0.001 -21"><span class='ocrx_word' id='word_1_244' title='bbox 542 3197 769 3280; x_wconf 87' lang='lat' dir='ltr'><strong>ginem</strong></span> <span class='ocrx_word' id='word_1_245' title='bbox 798 3199 1127 3278; x_wconf 89' lang='lat' dir='ltr'><strong>quandam</strong></span> <span class='ocrx_word' id='word_1_246' title='bbox 1159 3204 1675 3282; x_wconf 88' lang='lat' dir='ltr'><strong>composuerunt,</strong></span> <span class='ocrx_word' id='word_1_247' title='bbox 1720 3201 1894 3266; x_wconf 90' lang='lat' dir='ltr'><strong>hanc</strong></span> <span class='ocrx_word' id='word_1_248' title='bbox 1923 3200 2276 3283; x_wconf 90' lang='lat' dir='ltr'><strong>imaginem</strong></span> <span class='ocrx_word' id='word_1_249' title='bbox 2305 3200 2486 3265; x_wconf 79' lang='lat' dir='ltr'><strong>sidus</strong></span> <span class='ocrx_word' id='word_1_250' title='bbox 2517 3201 2628 3267; x_wconf 92' lang='lat' dir='ltr'><strong>vel</strong></span> <span class='ocrx_word' id='word_1_251' title='bbox 2657 3202 2912 3283; x_wconf 75' lang='lat' dir='ltr'><strong>siynum</strong></span> 
     </span>
     <span class='ocr_line' id='line_1_28' title="bbox 541 3300 2909 3386; baseline 0.002 -21"><span class='ocrx_word' id='word_1_252' title='bbox 541 3300 821 3365; x_wconf 86' lang='lat' dir='ltr'><strong>Romani</strong></span> <span class='ocrx_word' id='word_1_253' title='bbox 854 3301 1295 3383; x_wconf 86' lang='lat' dir='ltr'><strong>appellarunt,</strong></span> <span class='ocrx_word' id='word_1_254' title='bbox 1327 3319 1601 3382; x_wconf 90' lang='lat' dir='ltr'><strong>quorum</strong></span> <span class='ocrx_word' id='word_1_255' title='bbox 1630 3304 1884 3386; x_wconf 75' lang='lat' dir='ltr'><strong>siynum</strong></span> <span class='ocrx_word' id='word_1_256' title='bbox 1917 3303 2157 3385; x_wconf 89' lang='lat' dir='ltr'><strong>quippe</strong></span> <span class='ocrx_word' id='word_1_257' title='bbox 2189 3305 2363 3385; x_wconf 91' lang='lat' dir='ltr'><strong>quod</strong></span> <span class='ocrx_word' id='word_1_258' title='bbox 2397 3322 2517 3385; x_wconf 90' lang='lat' dir='ltr'><strong>per</strong></span> <span class='ocrx_word' id='word_1_259' title='bbox 2538 3323 2611 3370; x_wconf 92' lang='lat' dir='ltr'><strong>se</strong></span> <span class='ocrx_word' id='word_1_260' title='bbox 2640 3304 2909 3386; x_wconf 88' lang='lat' dir='ltr'><strong>planum</strong></span> 
     </span>
     <span class='ocr_line' id='line_1_29' title="bbox 542 3402 1640 3486; baseline 0.001 -17"><span class='ocrx_word' id='word_1_261' title='bbox 542 3402 655 3486; x_wconf 90' lang='lat' dir='ltr'><strong>sit,</strong></span> <span class='ocrx_word' id='word_1_262' title='bbox 698 3402 1142 3485; x_wconf 88' lang='lat' dir='ltr'><strong>explicatione</strong></span> <span class='ocrx_word' id='word_1_263' title='bbox 1185 3422 1316 3470; x_wconf 92' lang='lat' dir='ltr'><strong>non</strong></span> <span class='ocrx_word' id='word_1_264' title='bbox 1359 3403 1640 3486; x_wconf 86' lang='lat' dir='ltr'><strong>indiget.</strong></span> 
     </span>
    </p>

    <p class='ocr_par' dir='ltr' id='par_1_5' title="bbox 542 3505 2914 3799">
     <span class='ocr_line' id='line_1_30' title="bbox 719 3505 2913 3590; baseline 0.004 -22"><span class='ocrx_word' id='word_1_265' title='bbox 719 3505 998 3589; x_wconf 78' lang='lat' dir='ltr'><strong>Sidus,</strong></span> <span class='ocrx_word' id='word_1_266' title='bbox 1043 3507 1252 3569; x_wconf 83' lang='lat' dir='ltr'><strong>-eris</strong></span> <span class='ocrx_word' id='word_1_267' title='bbox 1295 3512 1536 3572; x_wconf 88' lang='lat' dir='ltr'><strong>neutr.:</strong></span> <span class='ocrx_word' id='word_1_268' title='bbox 1595 3506 1773 3573; x_wconf 91' lang='lat' dir='ltr'><strong>vocis</strong></span> <span class='ocrx_word' id='word_1_269' title='bbox 1819 3506 2140 3590; x_wconf 87' lang='lat' dir='ltr'><strong>originem</strong></span> <span class='ocrx_word' id='word_1_270' title='bbox 2185 3512 2450 3574; x_wconf 89' lang='lat' dir='ltr'><strong>veteres</strong></span> <span class='ocrx_word' id='word_1_271' title='bbox 2495 3508 2684 3576; x_wconf 87' lang='lat' dir='ltr'><strong>vario</strong></span> <span class='ocrx_word' id='word_1_272' title='bbox 2727 3511 2913 3576; x_wconf 93' lang='lat' dir='ltr'><strong>modo</strong></span> 
     </span>
     <span class='ocr_line' id='line_1_31' title="bbox 542 3608 2914 3692; baseline 0.002 -19"><span class='ocrx_word' id='word_1_273' title='bbox 542 3609 998 3675; x_wconf 88' lang='lat' dir='ltr'><strong>declarabant.</strong></span> <span class='ocrx_word' id='word_1_274' title='bbox 1086 3608 1300 3675; x_wconf 88' lang='lat' dir='ltr'><strong>Varro</strong></span> <span class='ocrx_word' id='word_1_275' title='bbox 1345 3609 1517 3674; x_wconf 93' lang='lat' dir='ltr'><strong>enim</strong></span> <span class='ocrx_word' id='word_1_276' title='bbox 1563 3609 1607 3674; x_wconf 93' lang='lat' dir='ltr'><strong>l.</strong></span> <span class='ocrx_word' id='word_1_277' title='bbox 1653 3609 1695 3674; x_wconf 91' lang='lat' dir='ltr'><strong>l.</strong></span> <span class='ocrx_word' id='word_1_278' title='bbox 1739 3610 1874 3676; x_wconf 94' lang='lat' dir='ltr'><strong>VII</strong></span> <span class='ocrx_word' id='word_1_279' title='bbox 1936 3610 2017 3676; x_wconf 88' lang='lat'><strong>14</strong></span> <span class='ocrx_word' id='word_1_280' title='bbox 2077 3611 2441 3692; x_wconf 89' lang='lat' dir='ltr'><strong>composuit</strong></span> <span class='ocrx_word' id='word_1_281' title='bbox 2506 3630 2649 3677; x_wconf 93' lang='lat' dir='ltr'><strong>cum</strong></span> <span class='ocrx_word' id='word_1_282' title='bbox 2710 3613 2914 3680; x_wconf 89' lang='lat' dir='ltr'><strong>verbo</strong></span> 
     </span>
     <span class='ocr_line' id='line_1_32' title="bbox 543 3709 2913 3799; baseline 0.002 -26"><span class='ocrx_word' id='word_1_283' title='bbox 543 3710 826 3794; x_wconf 80' lang='lat' dir='ltr'><strong>insidere,</strong></span> <span class='ocrx_word' id='word_1_284' title='bbox 869 3709 1161 3776; x_wconf 88' lang='lat' dir='ltr'><strong>Isidorus</strong></span> <span class='ocrx_word' id='word_1_285' title='bbox 1207 3710 1314 3796; x_wconf 87' lang='lat' dir='ltr'><strong>(de</strong></span> <span class='ocrx_word' id='word_1_286' title='bbox 1358 3710 1494 3776; x_wconf 87' lang='lat' dir='ltr'><strong>diff.</strong></span> <span class='ocrx_word' id='word_1_287' title='bbox 1539 3712 1721 3778; x_wconf 86' lang='lat' dir='ltr'><strong>verb.</strong></span> <span class='ocrx_word' id='word_1_288' title='bbox 1769 3712 1915 3794; x_wconf 88' lang='lat'><strong>495,</strong></span> <span class='ocrx_word' id='word_1_289' title='bbox 1961 3712 2122 3797; x_wconf 85' lang='lat' dir='ltr'><strong>orig.</strong></span> <span class='ocrx_word' id='word_1_290' title='bbox 2165 3713 2274 3779; x_wconf 94' lang='grc' dir='ltr'><strong>ΙΠ</strong></span> <span class='ocrx_word' id='word_1_291' title='bbox 2305 3714 2404 3797; x_wconf 86' lang='grc'><strong>70,</strong></span> <span class='ocrx_word' id='word_1_292' title='bbox 2448 3714 2516 3799; x_wconf 90' lang='grc'><strong>4)</strong></span> <span class='ocrx_word' id='word_1_293' title='bbox 2584 3733 2728 3780; x_wconf 89' lang='lat' dir='ltr'><strong>cum</strong></span> <span class='ocrx_word' id='word_1_294' title='bbox 2773 3735 2913 3779; x_wconf 82' lang='lat' dir='ltr'><strong>con-</strong></span> 
     </span>
    </p>
   </div>
   <div class='ocr_carea' id='block_1_4' title="bbox 550 3850 961 3862">
    <p class='ocr_par' dir='ltr' id='par_1_6' title="bbox 550 3850 961 3862">
     <span class='ocr_line' id='line_1_33' title="bbox 550 3850 961 3862; baseline 0 1223"><span class='ocrx_word' id='word_1_295' title='bbox 550 3850 961 3862; x_wconf 95' lang='lat' dir='ltr'><strong> </strong></span> 
     </span>
    </p>
   </div>
   <div class='ocr_carea' id='block_1_5' title="bbox 548 3913 2918 4070">
    <p class='ocr_par' dir='ltr' id='par_1_7' title="bbox 548 3913 2918 4070">
     <span class='ocr_line' id='line_1_34' title="bbox 727 3913 2918 3991; baseline 0.003 -23"><span class='ocrx_word' id='word_1_296' title='bbox 727 3913 769 3983; x_wconf 86' lang='lat'><strong>¹)</strong></span> <span class='ocrx_word' id='word_1_297' title='bbox 804 3915 872 3969; x_wconf 89' lang='lat' dir='ltr'><strong>V.</strong></span> <span class='ocrx_word' id='word_1_298' title='bbox 907 3914 971 3968; x_wconf 88' lang='lat' dir='ltr'><strong>L.</strong></span> <span class='ocrx_word' id='word_1_299' title='bbox 996 3915 1377 3971; x_wconf 73' lang='lat' dir='ltr'><strong>Diiderlein</strong></span> <span class='ocrx_word' id='word_1_300' title='bbox 1413 3916 1449 3972; x_wconf 92' lang='lat'><strong>1.</strong></span> <span class='ocrx_word' id='word_1_301' title='bbox 1475 3917 1511 3971; x_wconf 92' lang='grc'><strong>1.</strong></span> <span class='ocrx_word' id='word_1_302' title='bbox 1538 3918 1619 3973; x_wconf 93' lang='lat' dir='ltr'><strong>IV</strong></span> <span class='ocrx_word' id='word_1_303' title='bbox 1647 3933 1701 3986; x_wconf 91' lang='lat' dir='ltr'><strong>p.</strong></span> <span class='ocrx_word' id='word_1_304' title='bbox 1726 3917 1846 3986; x_wconf 84' lang='lat'><strong>413,</strong></span> <span class='ocrx_word' id='word_1_305' title='bbox 1881 3917 1948 3971; x_wconf 91' lang='lat' dir='ltr'><strong>A.</strong></span> <span class='ocrx_word' id='word_1_306' title='bbox 1971 3917 2032 3973; x_wconf 81' lang='lat' dir='ltr'><strong>F.</strong></span> <span class='ocrx_word' id='word_1_307' title='bbox 2056 3919 2227 3974; x_wconf 89' lang='lat' dir='ltr'><strong>Pott</strong></span> <span class='ocrx_word' id='word_1_308' title='bbox 2259 3917 2503 3989; x_wconf 78' lang='lat' dir='ltr'><strong>Etymol.</strong></span> <span class='ocrx_word' id='word_1_309' title='bbox 2527 3918 2918 3991; x_wconf 75' lang='lat' dir='ltr'><strong>Forsckunqen</strong></span> 
     </span>
     <span class='ocr_line' id='line_1_35' title="bbox 548 3996 1784 4070; baseline 0.005 -19"><span class='ocrx_word' id='word_1_310' title='bbox 548 3996 608 4051; x_wconf 90' lang='grc' dir='ltr'><strong>ΙΙ</strong></span> <span class='ocrx_word' id='word_1_311' title='bbox 642 3998 676 4052; x_wconf 88' lang='lat'>3</span> <span class='ocrx_word' id='word_1_312' title='bbox 712 4015 764 4067; x_wconf 90' lang='lat' dir='ltr'><strong>p.</strong></span> <span class='ocrx_word' id='word_1_313' title='bbox 790 3999 917 4068; x_wconf 79' lang='lat'>7083</span> <span class='ocrx_word' id='word_1_314' title='bbox 954 3999 1022 4054; x_wconf 89' lang='lat' dir='ltr'><strong>A.</strong></span> <span class='ocrx_word' id='word_1_315' title='bbox 1058 4000 1254 4058; x_wconf 88' lang='lat' dir='ltr'><strong>Walde</strong></span> <span class='ocrx_word' id='word_1_316' title='bbox 1288 4004 1325 4058; x_wconf 91' lang='lat' dir='ltr'><strong>l.</strong></span> <span class='ocrx_word' id='word_1_317' title='bbox 1363 4003 1398 4056; x_wconf 92' lang='lat' dir='ltr'><strong>l.</strong></span> <span class='ocrx_word' id='word_1_318' title='bbox 1430 4018 1482 4070; x_wconf 94' lang='lat' dir='ltr'><strong>p.</strong></span> <span class='ocrx_word' id='word_1_319' title='bbox 1518 4001 1623 4056; x_wconf 83' lang='lat'><strong>593</strong></span> <span class='ocrx_word' id='word_1_320' title='bbox 1657 4019 1700 4058; x_wconf 89' lang='lat' dir='ltr'><strong>s.</strong></span> <span class='ocrx_word' id='word_1_321' title='bbox 1730 4019 1784 4059; x_wconf 87' lang='lat' dir='ltr'><strong>v.</strong></span> 
     </span>
    </p>
   </div>
   <div class='ocr_carea' id='block_1_6' title="bbox 546 4083 2919 4502">
    <p class='ocr_par' dir='ltr' id='par_1_8' title="bbox 546 4083 2919 4502">
     <span class='ocr_line' id='line_1_36' title="bbox 725 4083 2914 4160; baseline 0.003 -21"><span class='ocrx_word' id='word_1_322' title='bbox 725 4083 771 4153; x_wconf 86' lang='lat'><strong>²)</strong></span> <span class='ocrx_word' id='word_1_323' title='bbox 806 4085 873 4140; x_wconf 91' lang='lat' dir='ltr'><strong>V.</strong></span> <span class='ocrx_word' id='word_1_324' title='bbox 928 4085 1041 4141; x_wconf 84' lang='lat' dir='ltr'><strong>Th.</strong></span> <span class='ocrx_word' id='word_1_325' title='bbox 1089 4086 1361 4156; x_wconf 82' lang='lat' dir='ltr'><strong>Benfey</strong></span> <span class='ocrx_word' id='word_1_326' title='bbox 1408 4088 1444 4143; x_wconf 91' lang='lat' dir='ltr'><strong>l.</strong></span> <span class='ocrx_word' id='word_1_327' title='bbox 1482 4088 1518 4143; x_wconf 94' lang='lat' dir='ltr'><strong>l.</strong></span> <span class='ocrx_word' id='word_1_328' title='bbox 1567 4089 1596 4142; x_wconf 97' lang='lat' dir='ltr'>I</span> <span class='ocrx_word' id='word_1_329' title='bbox 1642 4104 1694 4156; x_wconf 97' lang='lat' dir='ltr'><strong>p.</strong></span> <span class='ocrx_word' id='word_1_330' title='bbox 1731 4088 1850 4157; x_wconf 83' lang='lat'><strong>661,</strong></span> <span class='ocrx_word' id='word_1_331' title='bbox 1899 4088 1966 4143; x_wconf 87' lang='lat' dir='ltr'><strong>A.</strong></span> <span class='ocrx_word' id='word_1_332' title='bbox 2014 4089 2076 4145; x_wconf 86' lang='lat' dir='ltr'><strong>F.</strong></span> <span class='ocrx_word' id='word_1_333' title='bbox 2123 4090 2291 4145; x_wconf 87' lang='lat' dir='ltr'><strong>Pott</strong></span> <span class='ocrx_word' id='word_1_334' title='bbox 2342 4091 2379 4147; x_wconf 94' lang='lat' dir='ltr'><strong>l.</strong></span> <span class='ocrx_word' id='word_1_335' title='bbox 2426 4091 2462 4146; x_wconf 89' lang='lat' dir='ltr'><strong>l.</strong></span> <span class='ocrx_word' id='word_1_336' title='bbox 2508 4092 2570 4145; x_wconf 94' lang='lat' dir='ltr'><strong>II</strong></span> <span class='ocrx_word' id='word_1_337' title='bbox 2615 4090 2650 4144; x_wconf 86' lang='lat'><strong>3</strong></span> <span class='ocrx_word' id='word_1_338' title='bbox 2696 4107 2748 4159; x_wconf 90' lang='lat' dir='ltr'><strong>p.</strong></span> <span class='ocrx_word' id='word_1_339' title='bbox 2787 4090 2914 4160; x_wconf 80' lang='lat'>7083</span> 
     </span>
     <span class='ocr_line' id='line_1_37' title="bbox 549 4168 1437 4240; baseline 0.001 -17"><span class='ocrx_word' id='word_1_340' title='bbox 549 4168 616 4225; x_wconf 87' lang='lat' dir='ltr'><strong>A.</strong></span> <span class='ocrx_word' id='word_1_341' title='bbox 652 4170 898 4225; x_wconf 89' lang='lat' dir='ltr'><strong>Walde</strong></span> <span class='ocrx_word' id='word_1_342' title='bbox 933 4169 968 4224; x_wconf 97' lang='lat' dir='ltr'><strong>l.</strong></span> <span class='ocrx_word' id='word_1_343' title='bbox 1004 4171 1041 4227; x_wconf 88' lang='lat'><strong>1.</strong></span> <span class='ocrx_word' id='word_1_344' title='bbox 1078 4188 1130 4240; x_wconf 92' lang='lat' dir='ltr'><strong>p.</strong></span> <span class='ocrx_word' id='word_1_345' title='bbox 1166 4173 1270 4226; x_wconf 78' lang='lat'><strong>593</strong></span> <span class='ocrx_word' id='word_1_346' title='bbox 1305 4190 1346 4227; x_wconf 77' lang='lat' dir='ltr'><strong>s,</strong></span> <span class='ocrx_word' id='word_1_347' title='bbox 1384 4189 1437 4227; x_wconf 89' lang='lat' dir='ltr'><strong>v.</strong></span> 
     </span>
     <span class='ocr_line' id='line_1_38' title="bbox 588 4252 2915 4332; baseline 0.003 -22"><span class='ocrx_word' id='word_1_348' title='bbox 588 4269 592 4273; x_wconf 85' lang='lat'>·</span> <span class='ocrx_word' id='word_1_349' title='bbox 725 4252 766 4325; x_wconf 80' lang='lat'><strong>³)</strong></span> <span class='ocrx_word' id='word_1_350' title='bbox 800 4256 990 4324; x_wconf 89' lang='lat' dir='ltr'><strong>Neque</strong></span> <span class='ocrx_word' id='word_1_351' title='bbox 1024 4257 1256 4314; x_wconf 86' lang='lat' dir='ltr'><strong>deerant</strong></span> <span class='ocrx_word' id='word_1_352' title='bbox 1305 4258 1399 4326; x_wconf 86' lang='lat' dir='ltr'><strong>qui</strong></span> <span class='ocrx_word' id='word_1_353' title='bbox 1435 4259 1825 4315; x_wconf 90' lang='lat' dir='ltr'><strong>contenderent</strong></span> <span class='ocrx_word' id='word_1_354' title='bbox 1870 4276 2053 4316; x_wconf 90' lang='lat' dir='ltr'><strong>vocem</strong></span> <span class='ocrx_word' id='word_1_355' title='bbox 2101 4276 2218 4316; x_wconf 85' lang='lat' dir='ltr'><strong>esse</strong></span> <span class='ocrx_word' id='word_1_356' title='bbox 2265 4267 2536 4332; x_wconf 86' lang='lat' dir='ltr'><strong>sumptam</strong></span> <span class='ocrx_word' id='word_1_357' title='bbox 2591 4277 2657 4316; x_wconf 86' lang='lat' dir='ltr'><strong>ex</strong></span> <span class='ocrx_word' id='word_1_358' title='bbox 2704 4261 2915 4331; x_wconf 83' lang='lat' dir='ltr'><strong>lingua,</strong></span> 
     </span>
     <span class='ocr_line' id='line_1_39' title="bbox 546 4340 2919 4416; baseline 0.003 -21"><span class='ocrx_word' id='word_1_359' title='bbox 546 4355 656 4408; x_wconf 83' lang='lat' dir='ltr'><strong>qna</strong></span> <span class='ocrx_word' id='word_1_360' title='bbox 691 4340 779 4396; x_wconf 85' lang='lat' dir='ltr'><strong>usi</strong></span> <span class='ocrx_word' id='word_1_361' title='bbox 801 4340 916 4397; x_wconf 87' lang='lat' dir='ltr'><strong>sint</strong></span> <span class='ocrx_word' id='word_1_362' title='bbox 939 4341 1192 4409; x_wconf 85' lang='lat' dir='ltr'><strong>Semitae,</strong></span> <span class='ocrx_word' id='word_1_363' title='bbox 1229 4359 1281 4398; x_wconf 92' lang='lat' dir='ltr'><strong>v.</strong></span> <span class='ocrx_word' id='word_1_364' title='bbox 1308 4347 1370 4399; x_wconf 89' lang='lat' dir='ltr'><strong>A.</strong></span> <span class='ocrx_word' id='word_1_365' title='bbox 1407 4345 1651 4401; x_wconf 90' lang='lat' dir='ltr'><strong>Walde</strong></span> <span class='ocrx_word' id='word_1_366' title='bbox 1674 4346 1711 4400; x_wconf 93' lang='lat' dir='ltr'><strong>l.</strong></span> <span class='ocrx_word' id='word_1_367' title='bbox 1741 4345 1807 4400; x_wconf 90' lang='lat' dir='ltr'><strong>l.:</strong></span> <span class='ocrx_word' id='word_1_368' title='bbox 1845 4346 1939 4401; x_wconf 89' lang='lat' dir='ltr'><strong>sed</strong></span> <span class='ocrx_word' id='word_1_369' title='bbox 1963 4363 2084 4401; x_wconf 90' lang='lat' dir='ltr'><strong>cum</strong></span> <span class='ocrx_word' id='word_1_370' title='bbox 2107 4346 2261 4416; x_wconf 86' lang='lat' dir='ltr'><strong>origo</strong></span> <span class='ocrx_word' id='word_1_371' title='bbox 2296 4346 2689 4416; x_wconf 88' lang='lat' dir='ltr'><strong>indogermana</strong></span> <span class='ocrx_word' id='word_1_372' title='bbox 2722 4348 2919 4416; x_wconf 81' lang='lat' dir='ltr'><strong>negari</strong></span> 
     </span>
     <span class='ocr_line' id='line_1_40' title="bbox 546 4428 2812 4502; baseline 0.003 -21"><span class='ocrx_word' id='word_1_373' title='bbox 546 4442 656 4482; x_wconf 90' lang='lat' dir='ltr'><strong>non</strong></span> <span class='ocrx_word' id='word_1_374' title='bbox 691 4428 879 4497; x_wconf 82' lang='lat' dir='ltr'><strong>possit,</strong></span> <span class='ocrx_word' id='word_1_375' title='bbox 917 4428 1051 4484; x_wconf 87' lang='lat' dir='ltr'><strong>haec</strong></span> <span class='ocrx_word' id='word_1_376' title='bbox 1086 4429 1350 4500; x_wconf 86' lang='lat' dir='ltr'><strong>cogitatio</strong></span> <span class='ocrx_word' id='word_1_377' title='bbox 1385 4430 1658 4490; x_wconf 87' lang='lat' dir='ltr'><strong>reicienda</strong></span> <span class='ocrx_word' id='word_1_378' title='bbox 1693 4437 1794 4487; x_wconf 86' lang='lat' dir='ltr'><strong>est.</strong></span> <span class='ocrx_word' id='word_1_379' title='bbox 2138 4432 2184 4502; x_wconf 80' lang='lat'><strong>⁴)</strong></span> <span class='ocrx_word' id='word_1_380' title='bbox 2219 4433 2285 4489; x_wconf 91' lang='lat' dir='ltr'><strong>V.</strong></span> <span class='ocrx_word' id='word_1_381' title='bbox 2321 4432 2386 4488; x_wconf 91' lang='lat' dir='ltr'><strong>A.</strong></span> <span class='ocrx_word' id='word_1_382' title='bbox 2423 4431 2668 4487; x_wconf 84' lang='lat' dir='ltr'><strong>Walde</strong></span> <span class='ocrx_word' id='word_1_383' title='bbox 2702 4432 2739 4487; x_wconf 96' lang='lat' dir='ltr'><strong>l.</strong></span> <span class='ocrx_word' id='word_1_384' title='bbox 2775 4433 2812 4488; x_wconf 91' lang='lat' dir='ltr'><strong>l.</strong></span> 
     </span>
    </p>
   </div>
  </div>
 </body>
</html>
