3576 5085
595 417 705 506 67]
1047 419 1130 473 De
1165 418 1448 473 stellarum
1486 418 1849 487 appellatione
1883 422 1942 474 et
1977 418 2240 489 religione
2275 419 2521 474 Romana
2829 423 2962 487 ,159

599 609 795 656 curru
839 608 900 657 V.
946 609 996 655 c.
1041 590 1255 655 Varro
1302 591 1382 655 de
1428 589 1466 654 l.
1511 591 1551 654 l.
1596 590 1729 655 VII
1774 591 1857 655 75
1900 590 2111 656 locum
2153 590 2527 656 Ennianum
2571 591 2962 673 respiciens:

599 696 755 756 temo
813 692 1014 756 dictus
1068 713 1108 756 a
1175 691 1468 768 tenend0;
1535 694 1591 755 is
1647 693 1810 756 enim
1874 694 2135 756 continet
2200 695 2415 774 iuyum
2474 699 2528 757 et
2579 693 2963 776 plaustrum,

595 794 976 875 appellatum
1020 815 1062 858 a
1098 801 1278 875 parte
1322 799 1532 875 totum,
1574 799 1644 857 ut
1687 795 1903 859 multa.

768 897 913 963 Iam
959 901 1354 980 quaeratur,
1412 900 1634 962 utrum
1697 899 1777 962 de
1838 897 2052 962 aratri
2118 916 2204 962 an
2272 899 2352 962 de
2411 916 2642 963 currus
2710 903 2964 965 temone

597 999 1000 1084 cogitaverit
1046 999 1320 1065 Ennius.
1410 998 1696 1079 Cumque
1742 999 1923 1065 nullo
1983 999 2112 1065 alio
2157 1000 2297 1065 loco
2347 1018 2491 1065 cum
2533 1004 2776 1084 aratro,
2822 1020 2962 1067 sae-

599 1101 865 1184 pissime
911 1107 1127 1167 autem
1163 1120 1306 1167 cum
1340 1121 1538 1167 curru
1568 1106 2029 1183 comparentur
2064 1106 2318 1184 septem
2364 1102 2631 1187 triones
2675 1107 2751 1169 ut
2780 1105 2965 1170 modo

600 1204 900 1288 diximuS,
960 1204 1126 1270 illud
1184 1205 1622 1286 spernendum
1680 1205 1801 1270 hoc
1861 1206 2243 1271 sumendum
2312 1208 2433 1271 est.
2537 1204 2710 1288 Quin
2763 1205 2966 1272 etiam

599 1309 721 1374 hoc
767 1311 1111 1373 statuatur
1154 1326 1422 1373 necesse
1468 1312 1585 1389 est,
1645 1304 1773 1372 n0n
1821 1307 2167 1390 vulgarem
2231 1325 2376 1373 esse
2418 1307 2623 1373 Ennii
2675 1309 2966 1390 appella-

602 1411 862 1494 tionem,
908 1411 1150 1492 quippe
1198 1429 1368 1491 quae
1397 1409 1669 1492 imagini
1716 1410 1802 1475 ab
1847 1410 1992 1492 ipsa
2037 1410 2533 1477 constellatione
2568 1410 2806 1477 effecta
2838 1431 2966 1479 non

601 1513 1071 1596 respondeat‚¹)
1117 1515 1233 1578 sed
1278 1512 1622 1595 poeticam,
1668 1511 1909 1594 quippe
1955 1531 2124 1593 quae
2166 1509 2626 1590 συνεκδοχικῶς
2662 1533 2778 1595 pro
2823 1513 2965 1596 ipso

602 1634 798 1680 curru
828 1615 1047 1696 posita
1091 1614 1197 1698 sit,
1242 1614 1310 1679 id
1358 1617 1532 1695 quod
1561 1614 1693 1679 iam
1726 1615 1937 1680 Varro
1965 1616 2007 1680 l.
2038 1634 2087 1680 s,
2120 1619 2494 1696 putaverat.
2584 1615 2735 1681 Tali
2778 1617 2965 1683 modo

600 1721 831 1799 poetas
877 1719 1205 1784 Romanos
1235 1718 1413 1798 loqui
1442 1718 1738 1798 potuisse
1769 1720 2176 1783 demonstrat
2205 1717 2540 1784 Iuvenalis
2570 1718 2667 1783 IV
2699 1720 2824 1783 126
2841 1738 2966 1799 sq.:

599 1828 711 1884 aut
739 1821 814 1884 de
844 1827 1074 1884 temone
1095 1820 1413 1883 Britanno
1453 1818 1461 1904 Ι
1501 1820 1730 1883 excidet
1752 1821 2123 1903 Arrivaqua
2168 1820 2467 1884 Eandem
2497 1821 2967 1902 synecdocham

592 1927 685 1988 de
730 1928 984 2004 septem
1047 1922 1377 1988 trionibus
1437 1926 1702 2002 praeter
1759 1921 2047 1987 Ennium
2107 1921 2283 1986 solus
2345 1921 2649 1987 adhibuit
2707 1921 2968 1988 Statius

602 2026 808 2091 Theb.
852 2025 889 2090 I
932 2026 1059 2090 370
1075 2043 1243 2105 sqq:

911 2129 1012 2193 Ac
1062 2127 1244 2194 velut
1287 2125 1560 2192 hiberno
1607 2128 1964 2208 deprensus
2010 2125 2245 2193 navita
2288 2131 2489 2208 ponto

912 2229 1017 2296 cui
1063 2248 1274 2311 neque
1319 2234 1490 2294 temo
1536 2229 1726 2311 piger
1769 2248 1983 2310 neque
2027 2228 2234 2294 amico
2280 2229 2494 2294 sidere
2539 2232 2861 2295 monstrat

907 2333 1102 2399 Luna
1140 2333 1301 2399 vias,

775 2436 1052 2518 Saepius
1099 2440 1322 2501 tamen
1368 2454 1408 2500 a
1446 2434 1657 2517 poetis
1702 2437 1782 2501 de
1827 2440 2021 2516 parte
2066 2434 2269 2501 totius
2301 2435 2537 2501 sideris
2581 2440 2751 2501 temo
2783 2452 2969 2501 occu·-

602 2544 819 2622 patur,
868 2558 1138 2619 quorum
1184 2538 1443 2605 nomino
1490 2537 1791 2605 Ovidium
1836 2539 1991 2604 Met.
2036 2538 2103 2603 X
2148 2539 2303 2603 447:

913 2641 1233 2706 Flexerat
1278 2640 1539 2720 obliquo
1587 2643 1955 2722 plaustrum
2001 2646 2257 2706 temone
2302 2641 2557 2707 Bootes.

777 2744 1004 2823 Neque
1048 2747 1271 2807 tamen
1318 2760 1574 2822 semper
1617 2743 1717 2807 ita
1759 2742 1889 2808 sibi
1932 2747 2240 2808 constant
2285 2746 2537 2825 poetae,
2580 2747 2656 2809 ut
2698 2744 2969 2809 laudato

609 2849 865 2910 temone
910 2844 1200 2924 reliquas
1232 2844 1458 2909 stellas
1488 2863 1605 2924 pro
1648 2844 1815 2910 rotis
1844 2845 2159 2927 habeant,
2196 2846 2312 2910 sed
2359 2843 2780 2911 confunditur
2825 2863 2968 2911 cum

605 2946 720 3012 illo
767 2946 901 3012 alia
949 2947 1268 3027 quaedam
1306 2945 1542 3011 sideris
1581 2946 1791 3011 nostri
1836 2946 2209 3029 appellatio,
2241 2951 2315 3011 ut
2346 2966 2530 3010 ursae
2558 2946 2971 3029 significatiO.

606 3049 810 3115 Cuius
842 3049 941 3114 rei
973 3049 1272 3129 exempla
1302 3053 1458 3115 sunt
1487 3050 1680 3116 haec:
1723 3049 1947 3115 Cicero
1977 3049 2045 3114 in
2077 3049 2344 3115 Arateis
2374 3049 2567 3132 frgm.
2597 3049 2762 3115 XVI
2793 3050 2833 3115 2
2865 3048 2972 3133 (de

607 3155 740 3216 nat.
775 3154 948 3217 deor.
972 3151 1042 3215 II
1068 3151 1216 3236 109)
1241 3151 1748 3234 Arctophylacis
1779 3170 2009 3217 nomen
2036 3150 2323 3233 explicat
2347 3151 2512 3235 quod
2532 3152 2717 3234 quasi
2744 3154 2975 3215 temoni

605 3253 970 3317 adiuncta-m
1014 3273 1170 3336 prae
1216 3274 1276 3316 se
1313 3256 1513 3337 quatit
1554 3254 1837 3318 Arctum.
1925 3253 2184 3319 Statius
2230 3257 2451 3319 autem
2495 3255 2703 3319 Theb.
2746 3253 2782 3318 Ι
2812 3254 2970 3321 692:

1838 3360 1908 3421 et
1951 3356 2086 3421 iam
2131 3360 2390 3421 temone
2430 3355 2661 3437 supino
2945 3363 2948 3364 *

912 3460 1195 3541 languet
1231 3458 1702 3541 Hyperboreae
1755 3458 2059 3540 glacialis
2105 3458 2388 3539 portitor
2431 3457 2662 3524 Ursae.

778 3580 1028 3645 Eodem
1073 3580 1259 3644 modo
1305 3584 1537 3660 peccat
1577 3578 1829 3645 Seneca
1873 3579 2066 3645 Herc.
2113 3578 2237 3644 fur.
2285 3578 2441 3644 129:

1261 3682 1520 3763 signum
1573 3681 1734 3747 celsi
1776 3681 2060 3764 glaciale
2114 3681 2248 3764 poli

1263 3788 1515 3866 septem
1561 3783 1773 3850 stellis
1816 3785 2105 3850 Arcados
2152 3803 2350 3851 ursae

1262 3889 1471 3952 lucem
1517 3905 1708 3954 verso
1749 3891 2027 3952 temone·
2053 3892 2309 3953 vocant.

783 4055 821 4123 ¹)
859 4055 942 4109 Ea
990 4061 1208 4125 praet-er
1253 4063 1523 4112 temonem
1572 4061 1834 4124 quattuor
1879 4061 2028 4111 rotas
2073 4057 2340 4125 ostendit3
2390 4074 2441 4111 v.
2478 4056 2529 4111 J.
2569 4055 2822 4111 Grimm
2847 4056 2888 4109 l.
2926 4071 2967 4110 s,

603 4157 655 4211 p.
692 4140 822 4194 604:
860 4141 987 4195 Das
1020 4140 1154 4195 Bild
1184 4142 1418 4211 yru‘udct
1441 4141 1557 4196 sich
1592 4141 1702 4201 auf
1731 4140 2001 4211 lebendiye
2035 4141 2413 4212 Retrachtuuy
2438 4141 2535 4196 der
2562 4140 2967 4208 Constellatiou,

600 4225 766 4280 deren
803 4226 1072 4296 Drehuny
1105 4225 1315 4280 iiberall
1348 4226 1464 4282 vier
1497 4226 1688 4281 Rc‘ider
1722 4225 1841 4281 und
1876 4227 1993 4281 eine
2028 4226 2346 4281 abstehende
2380 4226 2636 4281 Deichsel
2669 4225 2850 4292 (temo)
2886 4241 2969 4278 er-

602 4310 812 4367 kenneu
877 4313 1014 4382 lc'isst,
1073 4311 1306 4366 weshalb
1357 4312 1499 4366 auch
1546 4311 1634 4366 die
1679 4311 2080 4383 Auyelsachseu
2138 4311 2400 4366 zuweileu
2446 4311 2565 4377 bloss
2609 4309 2726 4381 Pisl
2771 4311 2965 4376 setzen,

603 4412 790 4453 voeucs
826 4398 979 4469 Piala
1014 4397 1206 4453 Boeth.
1242 4396 1512 4452 Rawlius.
1549 4400 1658 4452 192
1675 4399 1714 4454 ὃ.

2552 4480 2651 4533 11*
