3576 5085
577 444 698 534 59]
1031 446 1113 500 De
1147 443 1432 500 stellarum
1467 443 1835 513 appellatione
1869 448 1927 499 et
1959 443 2223 514 religione
2257 445 2507 500 Romana
2823 449 2946 515 161

582 635 754 698 quae
798 635 974 682 nunc
1018 616 1089 681 in
1121 616 1462 681 Thesauro
1491 614 1762 698 linguae
1806 615 2065 682 latinae
2109 634 2160 681 s.
2193 635 2253 683 v.
2284 616 2649 699 diligenter
2676 618 2955 685 collecta

577 719 739 786 sint.
825 720 970 785 Hoc
1014 717 1301 785 fortasse
1338 719 1729 784 monendum
1772 723 2019 782 arctum
2062 717 2341 802 primum
2392 738 2732 786 occurrere
2777 723 2955 803 apud

581 822 966 889 Ciceronem
1025 822 1215 887 Arat.
1282 819 1473 905 frgm.
1533 820 1700 886 XVI
1742 821 1815 902 2;
1874 840 2092 885 ursam
2153 821 2432 904 primu-m
2492 822 2719 890 inveni
2779 825 2955 905 apud

578 924 908 999 Ovidium,
954 943 1017 991 v.
1061 943 1114 990 c.
1160 923 1361 990 Trist.
1406 922 1513 989 III
1561 925 1659 1006 11,
1705 923 1763 989 8.

756 1028 962 1094 quta
1034 1026 1302 1093 stellam
1362 1030 1584 1092 autem
1643 1026 1935 1107 polarem
1997 1025 2330 1092 coniuncti
2395 1027 2678 1094 arctiore
2735 1027 2952 1110 spatio

576 1130 810 1197 lucent
868 1133 1124 1212 septem
1185 1128 1286 1194 illi
1344 1128 1567 1212 ignes,
1641 1147 1802 1210 quos
1862 1135 2198 1209 tamquam
2256 1129 2611 1212 imaginem
2668 1130 2954 1212 plaustri

576 1232 900 1299 minorem
960 1229 1470 1298 considerabant
1529 1235 1812 1298 veteres.
1913 1231 2132 1314 Quare
2192 1250 2335 1298 eam
2394 1250 2647 1314 quoque
2701 1233 2954 1299 Arcton

586 1335 1015 1417 appellabant
1059 1339 1129 1400 et
1170 1338 1521 1414 utrumque
1564 1334 1746 1400 sidus
1772 1335 2060 1415 geminas
2086 1334 2305 1398 Arctos
2334 1333 2551 1418 (Prop.
2581 1335 2688 1401 ΠΙ
2722 1335 2819 1416 15,
2850 1335 2953 1418 25,

580 1436 706 1505 Ov.
737 1437 896 1503 Met.
926 1436 1032 1502 III
1061 1438 1163 1519 45,
1195 1436 1371 1502 Man.
1399 1436 1509 1501 ΠΙ
1543 1436 1689 1518 382,
1731 1437 1794 1503 V
1827 1436 1952 1520 19),
1995 1436 2175 1501 binas
2217 1437 2443 1501 Arctos
2486 1436 2687 1522 (Man.
2715 1437 2752 1502 I
2781 1437 2952 1523 283),

582 1539 750 1604 duas
791 1539 1013 1603 Arctos
1056 1538 1280 1624 (Verg.
1326 1540 1563 1621 Georg.
1606 1539 1643 1604 I
1681 1540 1826 1622 245,
1872 1539 1991 1606 Ov.
2025 1539 2212 1606 Fast.
2242 1539 2350 1604 III
2383 1540 2505 1607 107
2544 1540 2669 1624 aL),
2715 1545 2952 1604 utram-

578 1662 703 1727 que
757 1648 973 1706 arcton
1016 1642 1250 1714 Avien.
1294 1642 1367 1708 H
1412 1642 1554 1724 138,
1601 1649 1868 1726 utraque
1910 1644 2137 1706 Arctos
2179 1642 2427 1725 Hygin.
2473 1647 2718 1709 astron.
2759 1642 2868 1708 ΠΙ
2913 1645 2948 1708 1

576 1764 646 1826 p.
690 1746 771 1810 81
790 1745 863 1811 B.
951 1746 1011 1809 A
1043 1744 1291 1811 minore
1336 1744 1454 1810 illa
1485 1744 2005 1828 constellatione,
2051 1763 2222 1825 quae
2251 1748 2321 1810 et
2350 1744 2676 1811 Phoenice
2707 1744 2950 1827 apella-

575 1849 803 1931 batur,
850 1848 1217 1930 plaustrum
1260 1846 1708 1912 distinxerunt
1751 1846 1869 1929 ita,
1911 1852 1987 1912 ut
2017 1846 2251 1910 Arcton
2285 1848 2584 1910 maiorem
2613 1852 2952 1930 vocarent,

577 1969 648 2016 v.
678 1950 925 2034 Hygin.
971 1954 1128 2015 astr.
1174 1949 1244 2014 Π
1273 1950 1314 2013 2
1347 1968 1408 2030 p.
1449 1949 1531 2013 31
1552 1949 1639 2029 Β;
1686 1951 1860 2030 apud
1906 1949 2182 2015 eundem
2228 1952 2562 2015 auctorem
2605 1952 2767 2015 astr.
2810 1949 2883 2015 H
2913 1952 2947 2015 1

576 2072 648 2135 p.
691 2052 848 2119 30ss
895 2051 1084 2117 audit
1127 2051 1354 2115 Arctos
1396 2052 1692 2117 maxima.
1779 2051 1901 2117 Cui
1945 2053 2317 2132 respondet,
2368 2052 2538 2132 quod
2574 2051 2951 2117 Phoenicen

578 2157 890 2219 minorem
933 2154 1172 2218 Arcton
1216 2154 1606 2237 dicebant.¹)

756 2260 1114 2339 Poetarum
1173 2256 1506 2339 proprium
1553 2261 1678 2340 est,
1734 2257 1794 2322 si
1854 2256 2115 2337 quando
2173 2274 2293 2338 pro
2353 2275 2509 2320 ursa
2554 2256 2954 2323 communius

575 2360 829 2437 dicitur
867 2360 1011 2441 fera
1042 2359 1150 2426 vel
1183 2364 1528 2424 monstrum
1559 2360 1666 2427 vel
1696 2358 1909 2425 simile
1948 2358 2122 2440 quid.
2210 2357 2427 2425 Huius
2457 2359 2556 2425 rei
2587 2359 2953 2442 exemplum

576 2463 852 2530 afferam
899 2462 1014 2529 Ov.
1058 2463 1233 2528 trist.
1277 2461 1375 2527 IV
1419 2463 1477 2546 3,
1525 2464 1593 2527 1:

790 2584 1038 2667 Magna
1083 2564 1422 2663 minorque
1463 2582 1667 2664 ferae,
1713 2601 1991 2663 quarum
2034 2582 2214 2664 regis
2261 2583 2474 2649 altera
2503 2581 2742 2649 Graias

892 2686 1109 2751 altera
1152 2684 1458 2750 Sidonias
1494 2689 1778 2765 utraque
1824 2684 2000 2750 sicca
2043 2683 2303 2768 rates.2)

756 2805 852 2869 Et
896 2807 1112 2870 arctos
1156 2808 1227 2868 et
1271 2822 1427 2868 ursa
1469 2822 1549 2868 ex
1581 2807 2097 2869 astronomorum
2120 2803 2169 2888 ⁸)
2216 2803 2503 2870 scientia
2546 2809 2616 2870 et
2661 2804 2952 2886 pedestri

580 2909 657 2971 et
703 2905 966 2987 poetica
1024 2906 1094 2971 in
1147 2906 1386 2987 vulgus
1433 2906 1932 2972 descenderunt.
2034 2905 2398 2972 Praeterea
2456 2907 2593 2972 late
2653 2906 2951 2990 viguisse

585 3026 784 3074 ursae
843 3008 1352 3090 appellationem
1413 3010 1865 3075 demonstrant
1923 3007 2360 3074 recentiorum
2417 3007 2952 3092 significationeS,

578 3110 1054 3178 Lusitanorum
1113 3131 1300 3195 ursa,
1359 3111 1800 3194 Hispanorum
1861 3130 2000 3195 osa,
2059 3111 2382 3177 Italorum
2430 3130 2603 3194 orsa,
2662 3111 2950 3177 Franco-

762 3315 800 3383 1)
836 3315 1084 3370 Moneam
1110 3316 1210 3369 hoc
1244 3316 1358 3370 loco
1382 3315 1589 3370 nullam
1615 3314 1911 3370 Phoenices
1937 3319 2125 3369 extare
2150 3314 2606 3384 significationem
2630 3314 2949 3370 Romanam.

576 3400 826 3469 Cumque
862 3416 983 3456 eam
1007 3400 1073 3455 ob
1110 3416 1225 3456 rem
1248 3400 1569 3469 nesciamus,
1604 3416 1735 3455 num
1760 3399 1978 3455 omnino
2001 3399 2280 3455 veteribus
2304 3400 2466 3455 Italis
2500 3405 2690 3455 notum
2726 3400 2949 3470 signum

578 3486 768 3556 fuerit,
804 3486 862 3541 id
897 3486 955 3541 in
992 3486 1306 3554 catalogum
1341 3491 1648 3541 nostrorum
1685 3484 1927 3541 siderum
1962 3485 2180 3540 omnino
2216 3501 2323 3540 non
2359 3485 2554 3554 recepi.

757 3572 800 3641 ³)
836 3588 890 3627 v.
926 3572 1046 3626 Seu.
1072 3572 1211 3628 Med.
1246 3571 1365 3642 698,
1404 3571 1628 3639 Thyest.
1649 3571 1752 3627 867
1791 3572 2063 3641 (monstra
2085 3571 2254 3640 codd.,
2282 3571 2503 3640 plostra
2536 3571 2674 3627 coni.
2699 3572 2761 3626 F.
2788 3570 2947 3641 Leo);

580 3658 744 3718 Mart.
781 3658 912 3727 Cap.
948 3658 1031 3712 IX
1066 3657 1184 3711 912.

756 3743 797 3813 ¹)
835 3742 941 3812 Qui
966 3749 1153 3798 tamen
1177 3743 1422 3811 sequiore
1448 3759 1582 3799 aevo
1607 3759 1731 3798 cum
1756 3748 1973 3798 arcturo
1997 3759 2282 3812 perperam
2306 3759 2491 3798 ursam
2516 3749 2947 3811 composuerunt,

575 3845 635 3884 v.
670 3828 803 3886 Isid.
840 3829 907 3885 de
943 3835 1058 3884 nat.
1093 3844 1198 3884 rer.
1234 3828 1422 3884 XXVI
1456 3829 1492 3882 3
1534 3829 1815 3898 (arcturus
1862 3832 1945 3884 eet
1976 3827 2070 3882 illc
2105 3844 2262 3897 quem
2307 3827 2478 3882 latim·
2523 3826 2944 3897 septentrionem

574 3914 791 3983 dieunt,
827 3913 924 3983 qui
956 3916 1155 3983 septem
1190 3913 1477 3968 stellarum
1528 3913 1711 3969 radiis
1753 3913 1975 3984 fulqem
2021 3913 2085 3968 in
2119 3929 2176 3968 ec
2215 3913 2338 3983 ipso
2372 3913 2649 3967 revolutus
2681 3914 2945 3983 rotatur),

582 4000 745 4055 Arati
767 4000 1093 4068 interpretes
1124 4000 1269 4069 apud
1291 4000 1589 4055 Maassium
1612 4016 1802 4055 comm.
1828 4000 1986 4055 Atat.
2005 4016 2057 4069 p.
2080 3999 2195 4069 104,
2222 3998 2340 4068 180,
2365 3998 2483 4054 184.
2529 3998 2945 4067 Nonnumquam

574 4091 771 4146 autem
805 4085 894 4144 hic
927 4085 1195 4142 Arcturus
1239 4092 1562 4155 personatus
1609 4102 1772 4142 ursae
1818 4092 1994 4156 'genus
2040 4084 2290 4153 retinuit,
2337 4101 2389 4140 v.
2426 4084 2497 4140 ib.
2532 4101 2584 4153 p.
2624 4085 2749 4139 187:
2798 4084 2948 4138 inter

580 4169 776 4227 ambas
808 4170 1079 4225 Arcturoe
1112 4169 1268 4239 iacet,
1305 4171 1469 4226 schol.
1493 4170 1552 4226 in
1575 4170 1756 4226 Germ.
1781 4172 1877 4227 Ar.
1901 4187 1953 4240 p.
1981 4171 2096 4240 116,
2121 4170 2171 4239 2,
2195 4169 2289 4225 2οε
2314 4173 2604 4238 utramque
2638 4172 2944 4224 arcturum.

570 4256 757 4312 Semel
792 4255 994 4311 dieitur
1027 4257 1305 4310 Arcturus
1326 4257 1611 4311 maximus
1645 4256 1809 4312 schol.
1846 4256 1916 4311 ad
1952 4255 2132 4311 Germ.
2168 4256 2264 4311 Ar.
2299 4272 2352 4325 p.
2390 4255 2506 4324 116,
2543 4255 2612 4309 19
2630 4256 2691 4309 B.
2728 4254 2946 4324 saepius

572 4342 884 4398 secernitur
927 4341 1208 4395 Arcturus
1252 4340 1436 4396 mim·
1480 4346 1538 4397 et
1582 4342 1863 4396 Arcturus
1907 4342 2092 4397 minor
2137 4358 2189 4397 v.
2227 4341 2430 4396 Bedam
2477 4341 2543 4396 de
2588 4339 2764 4408 siguis
2813 4339 2858 4408 1,
2893 4339 2943 4407 2,

576 4427 877 4483 Haassium
912 4428 949 4483 l.
984 4427 1021 4484 l.
1056 4443 1109 4496 p.
1134 4426 1252 4496 186,
1289 4427 1450 4482 schol.
1486 4427 1546 4482 in
1580 4427 1759 4483 Germ.
1797 4428 1892 4482 Ar.
1922 4443 1975 4496 p.
2003 4427 2118 4498 111,
2156 4427 2252 4495 193
2289 4426 2406 4493 114,
2442 4426 2492 4494 8,
2519 4424 2610 4492 19;
2650 4423 2766 4493 116,
2802 4424 2840 4479 8.
2872 4425 2943 4480 al.
