3576 5085
559 389 706 469 151]
1000 390 1082 443 De
1117 387 1400 443 stellarum
1436 388 1803 457 appellatione
1837 393 1896 444 et
1927 390 2193 460 religione
2227 393 2478 448 Romana
2793 396 2921 463 243

555 559 752 626 huius
798 558 1267 641 appellationis
1314 558 1634 642 originem
1681 559 2110 644 explicarent,
2154 580 2341 627 nemo
2372 562 2650 646 ignoret.
2738 565 2922 647 Quas

554 662 993 728 Romanorum
1037 661 1312 743 repetiit
1353 661 1663 744 Hyginus
1711 667 1957 729 astron.
2002 664 2074 729 H
2118 665 2203 730 43
2246 684 2395 745 pag.
2439 666 2525 731 80
2538 667 2613 732 Β.

725 764 1163 829 Transeamus
1193 764 1279 829 ab
1312 763 1642 830 adiectivo
1672 764 1934 830 nomine
1978 767 2063 831 ad
2095 766 2600 833 substantivum.
2690 767 2929 834 Laetis·

555 865 804 947 copiam
849 870 928 931 ut
971 865 1096 931 flu
1113 885 1177 931 m
1194 885 1288 932 en
1334 885 1476 932 esse
1520 871 1838 948 putarent
1866 867 2230 949 proximum
2276 865 2437 935 era‘t.
2526 869 2715 951 Quod
2744 871 2922 935 Mar-

553 968 779 1035 tianus
833 968 1103 1050 Capella
1163 967 1325 1034 fecit
1384 969 1480 1054 (Π
1522 969 1692 1051 207).
1787 969 2006 1036 Huius
2066 970 2387 1052 opinionis
2444 971 2596 1036 aliis
2662 971 2921 1053 populis

555 1070 1055 1153 acceptissimae
1081 1071 1127 1157 ¹)
1172 1071 1281 1138 hic
1326 1072 1466 1137 illic
1510 1072 1813 1154 dispersa
1868 1072 2157 1155 vestigia
2216 1060 2395 1155 apud
2433 1074 2759 1139 Romanos
2817 1092 2920 1140 oc-

555 1179 847 1240 currunt.
935 1174 1120 1240 Dicit
1173 1174 1346 1240 enim
1406 1174 1666 1240 Plinius
1710 1175 1865 1241 Nat.
1924 1175 2076 1241 hist.
2122 1176 2360 1241 XVIII
2405 1178 2531 1243 280
2549 1195 2671 1258 sq.:
2731 1176 2925 1241 huius

555 1277 817 1359 defluvio
859 1278 1024 1341 velut
1067 1297 1143 1342 ex
1185 1277 1362 1341 ubere
1404 1278 1618 1361 aliquo
1658 1283 1800 1341 sata
1845 1284 2064 1342 cuncta
2110 1279 2441 1343 lactescunt
2483 1330 2496 1344 .
2531 1330 2546 1345 .
2576 1330 2592 1345 .
2634 1281 2692 1342 si
2714 1299 2924 1359 purus

554 1386 741 1463 atque
783 1381 953 1444 mitis
993 1401 1105 1443 aer
1143 1381 1473 1464 yenitalem
1502 1380 1685 1445 illum
1718 1381 2099 1465 lacteumque
2126 1401 2348 1445 sucum
2393 1383 2810 1445 transmiserit
2850 1383 2923 1445 in

554 1489 771 1565 terras,
816 1484 975 1547 laeta
1018 1482 1377 1554 adolescunt
1429 1488 1572 1546 sata
1585 1505 1608 1566 ;
1666 1485 1722 1546 si
1766 1483 1921 1547 luna
1969 1536 1982 1549 .
2028 1535 2041 1549 .
2088 1536 2102 1549 .
2158 1484 2472 1550 roscidum
2527 1485 2744 1568 friyus
2808 1484 2920 1548 ad-

552 1588 860 1669 sperserit,
892 1586 1173 1650 admixta
1203 1586 1559 1650 amaritudo
1588 1593 1660 1649 ut
1684 1587 1753 1649 in
1792 1588 1943 1649 lacte
1969 1589 2367 1669 puerperium
2398 1593 2585 1651 necat.
2659 1585 2922 1652 Alludit

553 1690 641 1755 ad
684 1689 856 1754 hanc
898 1687 1266 1771 opinionem
1310 1688 1685 1753 Martianus
1732 1688 2005 1768 Capella
2063 1689 2134 1753 II
2179 1688 2335 1753 207:
2396 1690 2619 1771 quippe
2661 1688 2921 1772 quidam

555 1791 855 1854 candores
898 1791 1075 1853 lactei
1124 1790 1413 1872 fluminis
1470 1797 1675 1854 tractu
1730 1790 1920 1854 stellis
1978 1790 2504 1872 efflammantibus
2562 1789 2926 1872 defluebant.

554 1894 905 1958 Poetarum
952 1895 1174 1958 autem
1220 1891 1623 1958 Claudianus
1667 1892 1975 1957 XXVIII
2021 1894 2146 1959 173
2192 1892 2407 1958 canit:

1298 2036 1337 2070 ο
1965 2012 2298 2094 Cycnique
2342 2011 2590 2078 sodalis

863 2115 1119 2180 lacteus
1167 2119 1474 2180 extentas
1519 2114 1867 2197 adspergit
1911 2115 2193 2180 circulus
2240 2115 2402 2180 alas,

725 2251 1150 2332 Reliquorum
1195 2250 1543 2333 nominum,
1588 2269 1755 2331 quae
1800 2252 1987 2317 modo
2030 2250 2101 2315 in
2153 2270 2302 2334 pag.
2333 2252 2458 2317 150
2504 2250 2920 2335 contulimus,

555 2372 730 2420 axem
790 2359 860 2420 et
913 2355 1168 2434 playam
1228 2358 1304 2419 ut
1364 2359 1707 2436 poetarum
1774 2353 2084 2419 licentias
2144 2354 2253 2419 vel
2312 2354 2922 2420 mathematicorum

557 2458 907 2525 enuntiata
950 2456 1117 2522 nihil
1160 2475 1389 2523 moror.
1478 2458 1802 2539 Neglecta
1846 2455 2125 2523 materia
2169 2476 2209 2521 a
2268 2456 2480 2522 forma
2524 2456 2729 2522 oculis
2773 2476 2922 2523 con-

555 2561 785 2644 spicua
829 2560 1148 2642 originem
1179 2564 1531 2625 traxerunt
1561 2560 1722 2623 orbis
1766 2562 1972 2624 circus
2011 2561 2296 2625 circulus.
2386 2559 2640 2643 Quibus
2685 2562 2931 2625 addam

558 2664 888 2731 Ciceronis
946 2664 1154 2730 verba
1213 2665 1293 2727 de
1352 2682 1487 2744 rep.
1532 2664 1631 2729 VI
1691 2664 1804 2728 16:
1864 2671 2001 2727 erat
2040 2671 2243 2727 autem
2310 2665 2369 2727 is
2426 2662 2923 2743 splendidissimo

558 2766 823 2830 candore
865 2766 1027 2829 inter
1057 2764 1348 2846 flammas
1392 2766 1661 2829 circulus
1690 2767 1947 2848 elucens,
1994 2787 2169 2850 quem
2200 2786 2316 2848 vos,
2362 2772 2432 2829 ut
2469 2787 2508 2828 a
2556 2764 2779 2828 Graiis
2819 2784 2921 2827 ac-

557 2871 810 2954 cepistis,
855 2867 1058 2932 orbem
1106 2868 1367 2932 lacteum
1412 2870 1807 2951 nuncupatis.
1895 2869 2192 2934 Utuntur
2237 2869 2340 2934 his
2402 2866 2741 2935 vocabulis
2801 2865 2930 2931 im-·

557 2972 788 3055 primis
836 2970 1190 3053 doctioreS,
1251 2970 1489 3050 quibus
1550 2971 1804 3037 caelum
1871 2975 2019 3037 erat
2077 2971 2147 3036 in
2215 2971 2579 3053 complures
2640 2969 2921 3035 circulos
3001 3014 3006 3021 -

560 3075 841 3142 divisum
888 3074 1118 3157 (Macr.
1163 3072 1375 3138 Somn.
1419 3073 1590 3155 Scip.
1634 3074 1668 3139 Ι
1716 3075 1815 3157 14,
1860 3075 1962 3156 24,
2009 3074 2043 3139 Ι
2090 3074 2187 3154 15,
2236 3076 2271 3138 1
2298 3073 2474 3157 seq.).

729 3178 1126 3256 Plerumque
1170 3180 1391 3241 autem
1438 3175 1681 3241 dicitur
1724 3178 1842 3259 via,
1904 3196 1945 3242 a
1982 3177 2196 3257 poetis
2240 3177 2473 3258 semita,
2519 3180 2595 3239 ut
2639 3193 2713 3239 re
2757 3192 2923 3239 vera

559 3287 896 3361 tamquam
954 3279 1072 3345 via
1129 3277 1200 3343 in
1260 3296 1485 3359 campo
1548 3278 1821 3344 caelesti
1889 3279 2280 3345 delineatur.
2398 3278 2626 3358 Neque
2698 3282 2923 3341 tamen

558 3382 685 3449 sibi
730 3386 1040 3448 constant
1083 3384 1466 3464 narranteS,
1528 3381 1677 3461 quis
1737 3381 1865 3446 hac
1930 3381 2047 3448 via
2106 3386 2353 3447 utatur.
2456 3380 2750 3445 Isidorus
2793 3378 2835 3442 1.
2879 3377 2923 3442 1.

557 3485 925 3568 opinionem
958 3486 1286 3565 quandam
1315 3484 1595 3550 fortasse
1625 3486 2005 3565 popularem
2036 3484 2280 3549 tradit:
2328 3504 2519 3567 quam
2548 3482 2664 3546 alii
2707 3480 2924 3544 dicunt

474 3615 479 3619 ·
558 3591 722 3652 viam
766 3609 885 3652 esse
930 3608 1054 3672 qua
1100 3589 1321 3652 circuit
1363 3586 1472 3668 sol,
1532 3593 1588 3650 et
1631 3606 1705 3651 ex
1760 3586 1949 3650 huius
2004 3586 2347 3667 splendoris
2390 3587 2587 3666 ipsius
2644 3585 2924 3648 transitu

558 3692 648 3754 ita
707 3693 924 3756 lucere.
1028 3691 1369 3756 Putabant
1425 3689 1637 3772 igitur
1692 3689 1840 3772 iter,
1902 3674 2073 3769 quod
2133 3689 2228 3754 sol
2291 3689 2587 3754 interdiu
2645 3684 2923 3767 conficit,

559 3796 758 3859 noctu
803 3811 1059 3872 quoque
1088 3794 1326 3859 lucere.
1415 3793 1546 3859 Sed
1577 3811 1722 3858 cum
1751 3792 1917 3858 haec
1949 3791 2167 3872 opinio
2204 3809 2333 3856 non
2366 3792 2731 3870 quadraret
2774 3805 2923 3853 cum

561 3914 717 3964 vero
761 3894 917 3961 solis
963 3914 1175 3977 cursu,
1220 3895 1353 3961 iam
1398 3901 1660 3961 veteres
1693 3894 1933 3961 Graeci
1964 3893 2311 3959 commenti
2344 3897 2537 3959 erant
2568 3891 2743 3959 viam
2786 3890 2922 3955 lac-

560 4004 738 4064 team
794 3997 1084 4080 priscum
1130 3997 1287 4064 solis
1330 3998 1464 4064 iter
1507 3998 1731 4080 fuisse,
1801 3999 1971 4078 quod
2015 4000 2355 4079 mutasset,
2414 4015 2559 4061 cum
2605 3991 2921 4076 Thyestis

560 4102 816 4168 scelera
857 4100 1142 4168 vidisset
1189 4100 1452 4184 (Achin.
1509 4102 1659 4167 Tat.
1704 4102 1988 4184 Isagoge
2045 4100 2114 4165 in
2158 4099 2499 4181 phaenom.
2543 4095 2777 4163 XXIV
2822 4095 2923 4160 ed.

558 4204 878 4272 Petavius
931 4205 1243 4285 Antverp.
1288 4203 1456 4268 1705
1515 4222 1663 4284 pag.
1708 4203 1836 4287 86).
1938 4204 2077 4268 Aut
2133 4203 2565 4267 Phaetontem
2627 4199 2752 4264 hac
2810 4197 2922 4263 via

733 4376 775 4445 ¹)
810 4377 856 4430 F
870 4392 898 4430 o
910 4391 940 4429 r
952 4375 986 4429 b
999 4374 1019 4428 i
1032 4391 1073 4444 g
1084 4389 1114 4428 e
1128 4391 1155 4428 r
1190 4373 1454 4428 Mathem.
1499 4372 1693 4442 Geoyr.
1729 4372 1849 4443 506,
1887 4374 1936 4428 R
1949 4389 1983 4429 a
1996 4379 2021 4428 t
2033 4390 2063 4426 z
2077 4373 2140 4428 el
2185 4368 2554 4429 V'o’lkerkundc
2589 4369 2648 4422 II
2683 4366 2765 4422 88.
