3576 5085
1395 1503 1743 1570 OAPVT
1808 1503 2303 1570 TERTIVM

1262 1674 1391 1755 De
1444 1674 1728 1755 stellis
1780 1674 1876 1754 in
1933 1674 2437 1754 universum

983 1794 1089 1875 de
1156 1794 1441 1875 stellis
1509 1794 2017 1875 cadentibus
2066 1795 2155 1874 et
2208 1793 2729 1874 cincinnatis

1321 1937 1480 1995 nec
1532 1937 1707 1995 non
1763 1914 1870 1995 de
1921 1914 2070 1993 via
2120 1913 2401 1994 lactea
2646 1925 2660 1937 '

1174 2105 1214 2199 ἓ
1269 2114 1331 2180 1.
1401 2112 1524 2180 De
1580 2110 1844 2180 stellis
1897 2111 1987 2179 in
2039 2110 2549 2180 universum.

847 2273 1292 2339 Flammarum
1313 2272 1698 2338 caelestium
1720 2273 1987 2338 nomina
2003 2272 2368 2339 communia
2389 2273 2766 2340 habuerunt
2779 2276 3049 2342 veteres

676 2374 958 2442 Romani
986 2376 1184 2441 haec:
1229 2375 1461 2441 stellas
1511 2378 1700 2440 astra
1737 2375 1931 2457 signa
1970 2375 2269 2461 sidera.1)
2348 2375 2527 2458 Quas
2558 2376 3046 2458 appellationes

677 2476 986 2560 deinceps
1032 2478 1534 2544 consideremus.

851 2579 1146 2665 Stella,
1175 2616 1199 2628 ·
1217 2602 1302 2646 ae
1323 2581 1505 2646 fem:
1538 2582 1712 2647 unde
1743 2580 2107 2649 derivanda
2138 2585 2317 2647 esset
2340 2581 2577 2649 vocula
2605 2581 2886 2648 Romani
2908 2582 3047 2664 ipsi

678 2683 793 2766 qui
852 2682 1323 2766 imperatorum
1389 2689 1613 2750 aetate
1671 2686 1751 2750 de
1810 2702 1890 2749 ea
1949 2683 2419 2765 quaesiverunt
2483 2685 2664 2750 haud
2724 2685 3050 2754 sciebant.

677 2786 881 2853 Cuius
925 2787 1026 2853 rei
1065 2786 1260 2853 testis
1299 2787 1587 2854 disertus
1618 2792 1721 2853 est
1762 2787 2212 2869 Quintilianus
2258 2787 2371 2869 qui
2415 2787 2577 2853 dicit
2621 2787 2833 2854 instit.
2877 2794 3047 2857 orat.

677 2891 713 2956 I
757 2892 815 2974 6,
860 2891 974 2957 35;
1017 2892 1110 2955 sic
1153 2892 1574 2974 perveniemus
1602 2910 1669 2952 eo
1699 2909 1895 2974 usque
1921 2896 1994 2953 ut
2019 2889 2197 2953 stella
2237 2890 2492 2954 lumin-is
2519 2878 2692 2954 stilla
2735 2890 3045 2976 credatur,

676 2995 857 3058 cuius
899 2993 1291 3076 etymoloyiae
1325 2999 1641 3056 auctorem
1684 2993 1929 3056 clarum
1974 3012 2126 3056 sane
2153 2994 2224 3056 in
2268 2993 2483 3058 litteris
2513 2995 2830 3058 nominari
2870 2996 2942 3058 in
2972 3015 3048 3060 ea

669 3101 870 3180 parte,
931 3117 1057 3180 qua
1115 3115 1157 3158 a
1214 3114 1308 3159 me
1362 3094 1865 3179 reprehenditur,
1922 3093 2337 3158 inhumanum
2397 3096 2559 3181 est.2)
2661 3096 2804 3163 Hoc
2866 3098 3048 3164 docti

678 3199 1016 3264 cuiusdam
1059 3197 1475 3280 grammatici
1519 3197 1955 3278 veriloquium
1999 3217 2139 3264 rem
2183 3216 2308 3263 acu
2364 3216 2495 3263 non
2554 3199 2867 3282 tetigisse
2925 3218 3048 3282 per

677 3319 747 3368 se
780 3303 987 3384 patet.
1031 3300 1215 3366 Idem
1243 3300 1427 3366 valet
1459 3302 1540 3365 de
1570 3299 2033 3384 originatione,
2065 3319 2261 3382 quam
2293 3299 2638 3383 proferunt
2667 3302 3047 3370 Martianus

679 3402 949 3485 Capella
990 3403 1160 3470 VIII
1189 3404 1316 3468 817
1364 3408 1432 3468 et
1462 3402 1732 3469 Servius
1777 3403 1846 3469 in
1893 3407 2053 3469 Aen.
2086 3404 2149 3469 V
2177 3404 2279 3485 42,
2326 3403 2440 3485 qui
2476 3404 2706 3470 stellas
2751 3423 2792 3470 a
2821 3406 3049 3471 stando

680 3506 1087 3590 deducunt,⁸)
1132 3523 1253 3570 nec
1297 3524 1428 3571 non
1472 3507 1553 3571 de
1597 3504 1886 3588 Vergilii
1928 3505 2346 3588 grammatici
2366 3506 2420 3591 4)
2466 3508 2885 3594 etymologia,
2930 3509 3049 3590 qui

856 3676 893 3744 ¹)
928 3675 1017 3729 Ad
1053 3691 1193 3743 quae
1229 3675 1494 3730 accedunt
1529 3680 1812 3743 poetarum
1846 3675 2078 3732 inventa
2123 3675 2271 3746 ignis
2303 3676 2533 3746 flamma
2570 3678 2668 3732 lux
2703 3679 2904 3736 lumen.

851 3759 894 3830 ²)
931 3760 1048 3817 Alii
1110 3761 1279 3816 alium
1344 3760 1710 3830 opinabantur
1785 3762 1870 3816 his
1931 3762 2113 3817 verbis
2181 3763 2414 3818 refutari
2482 3765 2641 3820 velut
2696 3766 3051 3822 Burmannus

676 3846 1059 3901 Palaemonem
1108 3846 1181 3916 (v.
1229 3852 1714 3903 commentatorum
1775 3848 2153 3903 adnotationes
2201 3849 2273 3903 ad
2319 3849 2464 3903 hunc
2509 3850 2725 3919 locum).
2808 3851 2914 3907 Sed
2958 3867 3050 3908 res

675 3931 888 3987 incerta
934 3932 1182 4003 videtur,
1232 3933 1487 4001 quoniam
1534 3933 1877 4002 argumentis
1926 3933 2050 3988 aliis
2109 3933 2486 3990 deficientibus
2533 3943 2810 3992 auctorem
2857 3953 3051 3994 eruere

676 4033 784 4073 non
819 4034 1118 4087 possumus.

853 4102 894 4171 ⁸)
931 4103 1143 4172 Quippe
1179 4120 1319 4172 quae
1342 4104 1400 4158 in
1425 4105 1574 4160 caelo
1597 4104 1738 4159 fixae
1773 4108 1939 4159 stent.
1975 4105 2076 4159 hoc
2098 4106 2304 4174 repetit
2324 4106 2569 4162 Isidorus
2593 4107 2746 4178 Orig.
2772 4109 2862 4164 III
2885 4108 2969 4180 70,
2993 4109 3048 4167 3.

676 4188 916 4244 Similem
951 4189 1066 4244 vim
1089 4189 1288 4245 tribuit
1310 4190 1474 4245 verbo
1509 4190 1573 4244 Ε.
1599 4190 1668 4245 Η.
1693 4190 1949 4260 Meyer,
1987 4191 2082 4258 qui
2105 4191 2164 4247 in
2189 4192 2633 4249 adnotationibus
2658 4195 2729 4250 ad
2755 4194 2809 4251 J.
2835 4194 3048 4252 Grimm

676 4274 877 4330 librum
913 4275 1131 4344 saepius
1165 4275 1453 4330 laudatum
1501 4276 1692 4330 stellas
1728 4278 1772 4343 a}
1808 4276 2035 4331 sidendo
2082 4278 2409 4334 derivandas
2456 4294 2573 4335 esse
2609 4280 2892 4336 contendit
2935 4281 3057 4352 (ΙΙΙ

675 4375 803 4430 pag.
840 4359 981 4430 204).
1393 4361 1438 4430 ⁴)
1475 4361 1709 4430 Epitom.
1745 4380 1798 4431 p.
1835 4362 1919 4431 85,
1957 4363 2070 4419 9Η.
