3576 5085
640 415 768 483 160
1538 411 1844 467 Guilelmus
1876 409 2094 464 Gundel
2885 408 3011 490 [53

808 585 904 652 Et
947 585 1256 652 Lucanus
1298 583 1397 650 1v
1439 583 1598 650 523:
1636 582 1918 666 flexoque
1969 580 2162 645 Ursae
2207 579 2507 664 temonest)

810 688 1116 755 Ceterum
1186 688 1495 753 adnotem
1568 686 1883 752 maiorem
1953 685 2337 766 plerumque
2408 701 2630 749 ursam
2647 733 2664 766 ‚
2732 700 3012 764 perraro

636 793 969 873 minorem,
1006 809 1152 856 cum
1182 794 1443 856 temone
1472 787 1784 871 componi.
1793 787 1845 872 ²)
1918 787 2048 854 Sed
2076 786 2186 852 vel
2217 787 2340 853 hoc
2367 791 2709 867 poetarum
2738 789 3007 850 tantum-

636 895 784 977 fuit,
837 912 984 960 cum
1026 892 1093 958 in
1136 892 1378 974 vulgus
1419 910 1501 958 ea
1546 889 1925 973 appellatio,
1985 893 2305 970 quantum
2350 889 2613 969 quidem
2656 906 2774 954 nos
2819 887 3013 955 vide·

634 1016 796 1081 mus,
846 1014 978 1063 non
1021 994 1447 1062 descenderit.
1535 993 1728 1059 Unde
1770 992 1868 1075 fit,
1927 996 2005 1058 ut
2047 992 2119 1057 in
2181 991 2517 1057 hodiernis
2562 991 3007 1057 Romanorum

635 1103 946 1182 nepotum
988 1098 1237 1181 linguis
1266 1097 1487 1163 nullas
1514 1096 1872 1162 habeamus
1902 1095 2102 1161 huius
2133 1093 2640 1177 significationis
2670 1092 3013 1173 reliquias.

634 1203 873 1285 Itaque
914 1200 1199 1268 fortasse
1243 1201 1497 1264 temonis
1541 1217 1700 1264 usus
1742 1197 1913 1262 nihil
1956 1195 2089 1263 fuit
2133 1197 2263 1263 nisi
2306 1196 2500 1263 unius
2541 1195 2765 1279 Ennii,
2811 1206 3010 1276 quem

634 1305 880 1386 reliqui
923 1302 1175 1370 imitati
1220 1308 1395 1385 sunt,
1436 1302 1801 1368 inventum.

809 1407 1005 1473 Aliae
1076 1406 1368 1472 eiusdem
1440 1404 1706 1486 generis
1772 1401 2146 1483 συνεκδοχαι
2208 1404 2348 1466 axis
2406 1407 2564 1468 sunt
2638 1406 2709 1467 et
2762 1402 3012 1482 iuyum,

636 1511 925 1595 Quorum
969 1510 1109 1573 axis
1148 1507 1493 1589 permultis
1537 1506 1696 1572 locis
1724 1506 1993 1589 legitur,
2034 1524 2096 1571 v.
2136 1524 2187 1571 c.
2233 1505 2380 1572 Sen.
2423 1505 2619 1570 Herc.
2656 1503 2798 1570 Oet.
2831 1504 2997 1569 1281

635 1611 977 1676 Parrhasio
1020 1610 1219 1674 lenior
1258 1630 1395 1673 axe.
1483 1608 1740 1674 Similia
1792 1607 2222 1675 inveniunt-ur
2254 1607 2501 1673 Lucan.
2545 1606 2616 1671 H
2644 1607 2790 1689 237,
2833 1606 3013 1672 VIII

638 1715 797 1796 1753
844 1714 992 1780 Sen.
1037 1713 1209 1778 Med.
1256 1713 1411 1793 7123
1470 1710 1704 1778 Avien.
1748 1710 1857 1776 HI
1900 1710 2046 1778 364.
2134 1710 2283 1775 Alia
2329 1715 2433 1775 est
2484 1713 3011 1775 astronomorum*

633 1817 797 1901 axiS,
843 1835 969 1898 quo
1013 1816 1195 1881 inter
1251 1833 1326 1881 se
1367 1813 1749 1880 coniunctos
1804 1831 1947 1879 esse
2010 1812 2161 1888 τοὺς
2226 1811 2338 1876 δύο
2396 1810 2644 1887 πόλους
2701 1811 3011 1894 cogitant

630 1920 1009 2000 circumque
1055 1937 1245 2000 quem
1287 1919 1567 1983 mundus
1609 1915 1917 1983 vertitur.
2006 1915 2208 1981 Hunc
2251 1915 2685 1981 Romanorum
2747 1931 3011 1995 quoque

636 2021 994 2089 astronomi
1014 2023 1185 2087 bene
1202 2024 1533 2088 noverunt
1553 2039 1615 2086 v.
1634 2038 1686 2085 c.
1710 2019 2024 2085 Manilius
2041 2018 2078 2084 Ι
2099 2019 2226 2083 279
2244 2036 2383 2099 sqq.
2409 2017 2584 2101 (aera
2598 2036 2716 2097 per
2733 2015 3009 2080 medium

637 2126 839 2189 tenuis
881 2124 1210 2187 deducitur
1251 2122 1446 2208 axis),
1508 2122 1624 2188 sed
1681 2140 1800 2187 nos
1841 2121 1912 2186 in
1958 2120 2385 2202 sequentibus
2435 2138 2566 2184 non
2608 2118 3011 2184 curabimus-

806 2225 1040 2310 Iuyum
1070 2225 1244 2306 apud
1275 2223 1659 2289 Martialem
1689 2223 1978 2289 occurrit
2006 2223 2104 2288 VI
2134 2225 2235 2305 25,
2268 2224 2309 2287 2
2348 2221 2632 2307 (horrida
2660 2220 3014 2284 Parrhasio

637 2348 814 2413 quem
862 2333 1015 2391 tenet
1044 2345 1200 2390 ursa
1242 2325 1412 2409 iuyo)
1459 2328 1530 2391 et
1560 2325 1872 2392 Senecam
1911 2326 2147 2391 Troad.
2178 2326 2306 2390 439
2351 2323 2739 2408 (clarumque
2778 2330 3008 2407 septem

632 2436 943 2494 verterant
980 2429 1193 2493 stellae
1240 2427 1507 2513 iuyum).

809 2531 1060 2617 Quodsi
1098 2532 1273 2599 locos
1316 2532 1501 2598 modo
1548 2530 1788 2597 allatos
1831 2529 2070 2597 iterum
2117 2529 2654 2613 perlustraveris,
2706 2527 3006 2595 animad-

635 2640 861 2703 vertes
903 2634 1223 2701 usitatum
1269 2634 1612 2704 veteribus
1655 2633 1860 2701 fuisse
1904 2634 2285 2717 plaustrum,
2344 2651 2463 2715 pro
2509 2651 2633 2714 quo
2679 2634 2858 2715 apud
2900 2650 3000 2697 re-

638 2738 964 2805 centiores
992 2736 1194 2804 cessit
1221 2757 1460 2804 cam-us.
1515 2736 1837 2818 Reliquae
1868 2741 2190 2818 quotquot
2219 2739 2454 2802 extant
2481 2734 3011 2819 significationes

632 2859 990 2924 paucorum
1033 2840 1449 2923 ingeniorum
1491 2841 1676 2906 lusus
1721 2842 1882 2906 sunt
1923 2839 2242 2921 poeticus,

807 2944 1093 3010 Praeter
1132 2949 1386 3025 septem
1414 2941 1665 3008 triones
1695 2948 1766 3008 et
1788 2943 2160 3024 plaustrum
2202 2941 2408 3007 tertia
2446 2942 2772 3021 quaedam
2809 2939 3010 3007 nobis

635 3046 924 3113 occurrit
951 3045 1190 3112 sideris
1221 3044 1602 3128 appell-atio,
1646 3045 1734 3110 ab
1763 3063 1809 3110 u
1823 3064 1859 3109 r
1873 3062 1905 3109 s
1919 3063 1962 3110 a
1990 3044 2136 3110 fera
2171 3045 2471 3110 deducta.
2538 3044 2748 3126 Quam
2777 3048 3006 3109 tamen

634 3150 918 3215 Plautus
977 3147 1236 3214 Ennius
1297 3146 1648 3213 Terentius
1705 3146 1950 3228 reliqui
2023 3150 2289 3214 veteres
2348 3145 2665 3229 ignorant
2682 3196 2698 3229 ,
2763 3145 2866 3210 ita
2922 3148 3014 3210 ut

630 3250 1025 3317 concludere
1066 3249 1272 3316 liceat
1312 3249 1572 3316 omnino
1615 3251 1787 3316 hanc
1815 3249 2374 3332 nuncupationem
2418 3247 2656 3331 priscis
2685 3247 3012 3313 Romanis

635 3352 930 3437 ignotam
986 3352 1206 3419 fuisse.
1324 3351 1517 3419 Circa
1587 3351 1873 3418 medium
1931 3352 2213 3433 denique
2271 3351 2554 3433 primum
2610 3369 2669 3416 a.
2728 3350 2879 3415 Chr.
2937 3368 3013 3415 n..

638 3454 976 3520 saeculum
1032 3453 1284 3538 legitur
1340 3454 1413 3519 in
1470 3472 1693 3520 eorum
1751 3454 2020 3537 scriptis
2035 3504 2051 3537 ,
2111 3453 2226 3535 qui
2286 3453 2576 3521 Graecos
2633 3452 3014 3535 imitantur,

639 3558 813 3623 unde
859 3558 945 3623 ab
989 3556 1127 3623 illis
1169 3575 1392 3623 ursam
1427 3558 1839 3638 desumptam
1885 3575 2029 3624 esse
2069 3560 2369 3639 apparet.
2455 3555 2535 3621 Id
2565 3573 2641 3621 eo
2684 3554 3012 3638 firmatur,

641 3660 813 3741 quod
855 3658 1118 3741 saepius
1161 3676 1290 3724 non
1320 3659 1758 3725 Romanorum
1804 3659 2193 3727 vocabulum
2237 3657 2612 3742 genuinum,
2657 3658 2774 3723 sed
2803 3657 3013 3725 Grae*

640 3779 859 3828 corum
933 3760 1354 3845 peregrinum
1436 3760 1761 3827 adhibent
1822 3765 2119 3828 arctus
2198 3765 2318 3827 aut
2400 3765 2707 3827 arctos.
2816 3759 3014 3844 Quae

640 3862 1018 3929 differentia
1060 3864 1132 3930 in
1161 3868 1444 3930 exeunte
1488 3882 1646 3930 casu
1674 3863 2077 3932 nominativo
2120 3865 2375 3931 numeri
2414 3862 2767 3947 singularis
2798 3862 3003 3930 Grae·

640 3984 860 4032 corum
904 3965 1231 4032 nominum
1274 3966 1442 4032 mira
1483 3985 1615 4032 non
1659 3972 1764 4033 est
1805 3985 2020 4049 neque
2062 3966 2380 4049 exemplis
2424 3966 2700 4049 indiget,
2759 3965 3017 4048 quippe.

816 4134 857 4204 ¹)
893 4134 1017 4190 Huc
1052 4135 1286 4204 quadrat
1329 4152 1451 4191 cum
1486 4135 1547 4191 in
1593 4136 1812 4191 scholiis
1857 4136 1929 4191 ad
1963 4136 2201 4191 Aratum
2250 4136 2548 4205 loquantur
2595 4136 2662 4191 de
2709 4136 2866 4205 ῥυμῷ
2908 4137 3016 4199 τῆς·

633 4217 860 4292 Ἄρκτου
896 4236 950 4275 v.
985 4221 1210 4276 Maass
1246 4222 1545 4277 Commeat.
1581 4222 1640 4277 in
1662 4222 1822 4277 Atat.
1844 4223 1940 4278 rel.
1965 4239 2017 4291 p.
2042 4222 2165 4293 362,
2189 4223 2282 4292 173
2318 4223 2436 4292 391,
2460 4222 2511 4277 6.
2557 4222 2636 4277 Et
2656 4221 2882 4277 memini
2913 4236 3016 4276 me

640 4307 785 4376 apud
817 4311 1119 4362 nostratem
1155 4308 1426 4374 quendam
1460 4307 1690 4373 legisse:
1729 4307 1818 4362 die
1852 4307 2231 4363 ffintmdder
2265 4308 2356 4363 des
2385 4310 2585 4379 92⁴0ch
2616 4306 2823 4362 Retron.

819 4392 862 4462 ²)
899 4409 950 4448 v.
975 4392 1163 4448 Av.11
1187 4392 1313 4446 131:
1350 4391 1451 4447 illa
1470 4392 1802 4464 (Cynosura)
1828 4392 1955 4449 licet
1974 4409 2148 4463 parvo
2174 4394 2359 4449 iaceat
2377 4391 2587 4449 'temone
2614 4392 3016 4463 peractarum-
