3576 5085
689 403 813 468 102
1590 400 1898 456 Guilelmus
1934 400 2150 455 Gundel
2950 402 3059 485 [10

687 593 844 657 ergo
876 592 1006 639 non
1035 572 1247 655 pluris
1277 576 1435 637 sunt
1467 591 1661 654 quam
1693 576 1995 639 veterum
2027 572 2369 638 conamina
2397 589 2629 638 nomen
2660 574 2746 639 ab
2776 573 3059 640 hominis

688 676 1026 742 cuiusdam
1066 674 1512 757 appellatione
1556 676 1941 758 deducendi,
1988 693 2157 756 quae
2197 693 2403 757 supra
2445 674 2515 740 in
2546 694 2606 756 p.
2635 676 2678 740 8
2719 676 3058 758 exscripta

686 783 863 846 sunt.
953 778 1083 844 Sed
1125 777 1287 843 licet
1348 778 1430 843 de
1490 776 1745 860 origine
1812 776 2079 859 vesperi
2138 778 2575 861 desperemus
2632 777 2918 844 fortasse
2971 780 3059 845 de

686 880 1171 964 significatione
1215 879 1467 961 aliquid
1509 879 1736 945 afferri
1779 883 2021 961 potest.
2110 879 2372 961 Duplex
2402 878 2578 945 enim
2608 881 2916 947 vocabuli
2952 881 3058 948 vis

684 988 806 1068 est,
852 1001 978 1064 quo
1023 987 1092 1048 et
1135 983 1377 1049 sidus
1436 985 1828 1048 nocturnum
1883 987 1952 1047 et
2008 986 2231 1064 temp
2252 1000 2343 1047 us
2403 986 2797 1048 nocturnum
2851 983 3059 1066 signi-

686 1087 945 1153 ficatur.
1051 1085 1192 1151 Iam
1254 1084 1632 1168 quaeritur,
1691 1088 1915 1151 utrum
1991 1083 2179 1166 prius
2238 1083 2461 1151 fuerit.
2562 1084 2643 1150 In
2709 1089 3059 1168 utramque

682 1191 944 1271 partem
1001 1188 1446 1254 discesserunt
1504 1187 1635 1255 viri
1696 1187 1891 1253 docti.
1993 1188 2282 1268 Tempus
2341 1186 2799 1269 vespertinum
2862 1187 3055 1255 initio

687 1291 1111 1373 designatum
1152 1290 1356 1356 fuisse
1400 1292 1594 1357 docet
1637 1290 1907 1357 Servius
1949 1290 2393 1371 interpolatus
2446 1293 2534 1356 ad
2576 1291 2775 1374 Verg.
2819 1291 3059 1374 Georg.

688 1395 723 1460 I
767 1394 925 1459 251:
971 1412 1180 1474 vesper
1219 1392 1399 1456 stella
1443 1444 1458 1459 .
1502 1443 1518 1459 .
1565 1441 1580 1456 .
1641 1392 1808 1474 quod
1846 1392 2222 1473 quibusdam
2268 1392 2579 1457 mensibus
2635 1411 2873 1475 vespere
2913 1441 2933 1457 .
2978 1441 2998 1457 .
3046 1444 3061 1459 .

686 1497 952 1560 oriatur.
963 1495 1011 1580 ¹)
1099 1495 1340 1561 Altera
1383 1513 1467 1560 ex
1495 1499 1688 1577 parte
1719 1495 1796 1561 Gr.
1825 1494 1891 1560 J.
1919 1493 2277 1561 Vossius
2323 1494 2568 1578 (Etym.
2598 1514 2646 1561 s.
2676 1495 2765 1580 v.)
2795 1497 3061 1562 stellam

687 1597 873 1681 prius
916 1597 1316 1679 appellatam
1362 1601 1560 1679 putat
1602 1600 1674 1663 et
1701 1596 1851 1662 ideo
1895 1596 2144 1663 dictum
2206 1602 2444 1679 tempus
2499 1600 3060 1679 vespertinum

686 1719 1002 1783 vesperum
1047 1699 1211 1781 quod
1268 1704 1416 1763 tunc
1473 1700 1722 1763 oriatur
1774 1718 1996 1781 vesper.
2099 1700 2260 1765 Cum
2325 1698 2557 1766 Vossio
2616 1698 2890 1776 faciunt,
2947 1700 3062 1781 qui

689 1803 872 1870 vocis
939 1806 1203 1884 etymon
1270 1821 1307 1868 e
1379 1801 1612 1885 lingua
1691 1801 2024 1868 sanscrita
2103 1802 2567 1884 repetiverunt
2639 1801 2771 1869 viri
2851 1803 3059 1869 docti:

688 1906 764 1972 F.
793 1907 851 1972 B
868 1925 905 1972 o
921 1926 963 1987 p
980 1925 1023 1987 p
1077 1905 1279 1987 Veryl.
1316 1904 1536 1971 Gram.
1566 1905 1638 1970 II
1666 1925 1728 1986 p.
1761 1905 1888 1971 190
1911 1923 2253 1987 vesperum
2294 1924 2337 1972 a
2365 1904 2732 1986 divas-para
2773 1904 3061 1989 deducit,

688 2010 859 2090 quod
902 2014 1006 2075 est
1046 2007 1175 2072 diei
1196 2009 1375 2089 fini&
1421 2008 1498 2075 Gr.
1545 2006 1897 2074 Curtius
1946 2007 2191 2071 Griech.
2232 2007 2539 2089 Etymol.⁶
2581 2009 2707 2073 377
2754 2009 2840 2074 ad
2884 2007 3062 2075 radi-

689 2131 828 2177 cem
870 2131 1025 2194 vas-‚
1057 2130 1229 2192 quae
1259 2131 1376 2192 pro
1407 2110 1712 2176 habitare
1757 2110 1871 2193 (im
1899 2110 2099 2177 Sinne
2125 2130 2242 2174 von
2271 2109 2612 2188 einkehren,
2642 2110 2773 2174 sich
2799 2110 3062 2175 zur-dick-

687 2213 923 2300 ziehen)
956 2214 1154 2296 cadit,
1197 2213 1466 2279 reduxit
1495 2213 1640 2278 eius
1683 2212 2079 2297 originem&
2167 2212 2388 2277 Aliter
2417 2211 2719 2278 iudicant
2745 2212 2826 2278 A.
2855 2213 2911 2277 P
2928 2231 2965 2278 o
2982 2216 3014 2277 t
3032 2217 3061 2277 t

690 2318 732 2384 1.
783 2316 826 2383 1.
869 2317 921 2382 I.
951 2337 1011 2398 p.
1056 2316 1204 2400 595,
1258 2313 1374 2396 qui
1433 2333 1779 2397 vesperum
1836 2315 2042 2380 solum
2097 2313 2432 2397 regionem
2510 2315 2845 2395 quandam
2918 2333 3062 2381 cae·

691 2421 931 2486 lestem
973 2418 1310 2501 intellegit
1353 2417 1456 2481 die
1496 2417 1663 2484 Seite
1703 2416 1811 2481 des
1856 2416 2153 2480 Abwc‘irts
2188 2417 2310 2498 far
2354 2416 2475 2480 den
2513 2416 2951 2483 Smnenstand
2993 2423 3065 2483 et

690 2523 852 2589 Bru
869 2539 1166 2606 gmann
1230 2519 1453 2603 Indoy.
1515 2519 1767 2587 Forsch.
1842 2520 2019 2587 XIII
2079 2520 2236 2600 159,
2310 2518 2417 2587 cui
2495 2539 2736 2602 vesper
2796 2521 3063 2589 videtur

691 2626 1084 2708 compositus
1127 2644 1211 2691 ex
1252 2645 1323 2689 ve
1363 2627 1473 2703 (=
1501 2624 1715 2709 binah)
1763 2629 1833 2691 et
1874 2623 2116 2705 *sper-os
2158 2624 2269 2709 (=-
2309 2624 2442 2687 sich
2480 2624 2664 2688 rasch
2705 2622 3065 2708 beweqend).

693 2729 860 2795 Rem
917 2732 1188 2809 propter
1246 2728 1486 2794 exilem
1548 2731 2086 2811 argumentorum
2149 2745 2488 2793 numerum
2535 2725 2906 2793 diiudicatu
2963 2725 3062 2791 lu-

691 2830 939 2898 bricam
1014 2849 1158 2898 esse
1230 2831 1522 2897 libenter
1592 2832 1907 2913 conced0,
1982 2834 2205 2896 tamen
2279 2848 2396 2896 cur
2474 2848 2622 2896 cum
2678 2828 2909 2896 Servio
2965 2828 3063 2894 fa-

695 2952 844 3000 cere
903 2933 1156 3018 malim,
1214 2932 1513 3001 breviter
1587 2951 1925 3014 exponam.
2026 2932 2254 3000 Movet
2325 2950 2428 2997 me
2500 2929 2681 2999 vocis
2738 2949 3066 3013 vesperugo

699 3040 966 3103 natura.
1053 3037 1247 3102 Hanc
1306 3056 1348 3103 a
1389 3036 1667 3116 *vespero
1711 3034 2087 3101 derivatam
2132 3052 2277 3100 esse
2322 3034 2557 3101 addita
2600 3033 3065 3100 terminatione

696 3158 810 3220 -uy
852 3157 1040 3204 nemo
1101 3157 1229 3204 non
1269 3137 1532 3223 videt.⁸)
1637 3136 1951 3203 Eiusdem
2009 3136 2277 3218 generis
2336 3140 2496 3203 sunt
2551 3136 2776 3219 albugo
2837 3154 3066 3218 aeruyo

693 3259 996 3321 asperugo
1051 3240 1313 3321 ferrugo
1372 3241 1604 3322 lanuyo
1662 3239 1946 3321 mollum.
2051 3238 2233 3322 Quas
2299 3257 2495 3307 voces
2553 3258 2698 3305 cum
2757 3238 2936 3328 inter
2987 3256 3065 3303 se

697 3341 1072 3425 contuleris„
1119 3345 1206 3408 ad
1251 3361 1447 3408 unam
1492 3343 1712 3408 omnes
1755 3340 1948 3407 fictas
1993 3359 2137 3407 esse
2180 3341 2549 3425 intelleges,
2607 3349 2684 3407 ut
2724 3343 3069 3415 notaretur

695 3530 921 3600 spiritus
959 3545 1130 3599 asper,
1166 3529 1320 3599 leges
1369 3545 1403 3583 a
1450 3544 1503 3585 v.
1540 3528 1591 3583 d.
1663 3528 1742 3582 So
1760 3543 1969 3582 mmer
2020 3527 2238 3583 Grlech.
2291 3526 2666 3582 Lautstudien
2713 3526 2851 3581 1905
2897 3525 3067 3595 expli-

695 3621 882 3671 catum
917 3631 1044 3684 pag.
1079 3614 1149 3668 83
1161 3631 1277 3682 sqq.

875 3703 913 3769 ¹)
947 3700 1208 3755 Similiter
1245 3699 1557 3755 Chalcidius
1605 3699 1664 3754 in
1702 3698 1851 3754 Plat.
1888 3698 2028 3753 Tim.
2066 3716 2110 3753 c.
2151 3698 2278 3753 110:
2315 3697 2552 3767 Hesperi
2573 3712 2771 3751 nomen
2796 3736 2808 3749 .
2837 3736 2849 3749 .
2877 3740 2887 3750 .
2924 3694 3068 3764 quod

695 3788 758 3841 in
794 3785 904 3841 eois
939 3802 1152 3855 vespere
1189 3827 1202 3841 .
1241 3828 1253 3841 .
1292 3828 1304 3841 .
1342 3787 1620 3855 awai-eat.

871 3872 913 3941 ²)
947 3871 1030 3926 Ne
1077 3888 1187 3940 qua
1231 3872 1570 3928 desideretur
1615 3870 2028 3939 interpretatio,
2084 3870 2234 3925 Chr.
2283 3866 2783 3923 Bartholomae
2830 3865 3068 3936 benigne

696 3973 783 4012 me
806 3956 993 4012 reiecit
1015 3962 1300 4026 praeterea
1334 3957 1406 4011 ad
1439 3956 1476 4011 J
1488 3956 1583 4011 oh.
1610 3955 1737 4011 Sch
1751 3956 1957 4011 midt:
1994 3954 2108 4010 Die
2131 3952 2627 4023 lerazbilczunyen
2650 3951 2747 4007 der
2768 3951 3069 4023 indoyerm.

696 4042 929 4113 Neutra,
955 4043 1203 4099 Weimar
1223 4042 1358 4097 1889
1381 4059 1432 4111 p.
1455 4042 1548 4109 18;
1589 4042 2114 4098 Bartholomae:
2142 4039 2375 4095 Studien
2387 4055 2493 4093 zur
2513 4038 3069 4109 indoyerm.28'prach-

692 4127 991 4200 qeschichte
1026 4129 1057 4182 I
1092 4128 1230 4183 1890
1278 4145 1332 4197 p.
1367 4127 1462 4196 58;
1511 4128 1601 4184 W.
1649 4126 2042 4183 Prellwitz:
2091 4125 2282 4196 Etym.
2329 4123 2685 4180 Wb‘rterbwch
2718 4124 2817 4179 der
2852 4123 3069 4179 Gricch.

695 4213 936 4285 Sprache
969 4231 1022 4283 p.
1062 4214 1186 4282 1603
1222 4215 1355 4269 Leo
1389 4213 1647 4281 Meyer:
1690 4211 1908 4268 Gricch.
1946 4211 2137 4281 Etym.
2173 4212 2204 4266 I
2237 4228 2289 4280 p.
2325 4211 2518 4280 3962q.

874 4299 915 4370 ³)
950 4316 1004 4355 v.
1041 4300 1388 4368 Lindsay-
1367 4299 1586 4354 -Nohl
1622 4298 1719 4354 lat
1756 4297 2000 4367 Sprache
2039 4314 2093 4368 p.
2117 4298 2246 4367 4073
2284 4298 2578 4354 Sommer
2624 4293 2937 4351 Handbuch
2972 4292 3073 4349 der

697 4387 794 4444 lat.
830 4386 1009 4441 Laut·
1042 4402 1097 4439 u.
1133 4383 1521 4439 Formenlehre
1557 4401 1609 4453 p.
1647 4384 1818 4439 3641».
2741 4433 2744 4434 γ
