3576 5085
554 433 665 519 51]
1000 435 1082 488 De
1118 434 1401 488 stellarum
1439 434 1805 503 appellatione
1842 440 1899 489 et
1934 435 2198 504 religione
2233 435 2480 491 Romana
2797 440 2919 504 143

551 604 743 671 testis
792 609 892 670 est
922 604 1216 669 Isidorus
1248 606 1329 669 de
1360 608 1497 669 nat.
1538 624 1664 670 rer.
1694 604 1926 669 XXVI
1958 605 2028 670 ὃς
2073 605 2300 668 Bootes
2341 606 2517 670 stella
2559 611 2646 670 est
2675 659 2688 673 .
2721 659 2735 672 .
2768 659 2779 672 .
2811 611 2921 688 qui

549 709 733 771 etiam
763 707 839 770 ab
868 708 1148 787 antiquis
1168 705 1565 787 arctophylax
1596 707 1828 770 dicitur
1854 709 1977 770 sive
2007 709 2213 770 minor
2241 713 2460 791 arctos,
2499 708 2667 772 unde
2697 715 2752 772 ct
2782 713 2918 791 qui-

550 809 697 873 dam
743 829 876 872 eam
907 810 1373 891 septentrionem
1403 808 1716 871 discerent.
1809 809 2121 874 Videmus
2153 828 2309 892 ergo
2341 829 2424 875 ne
2455 811 2625 876 hanc
2658 811 2917 891 quidem

550 911 1056 994 appellationem
1103 930 1143 976 a
1179 911 1489 976 Romanis
1530 911 1696 976 satis
1728 911 1912 976 firme
1944 930 2088 977 esse
2120 918 2468 993 receptam.
2559 915 2918 994 Tamquam

552 1018 810 1080 doctam
843 1033 1064 1080 vocem
1094 1014 1287 1078 hodie
1311 1014 1558 1078 habent
1580 1013 1742 1078 Itali
1772 1013 1985 1095 Boote,
2030 1014 2319 1096 Hispani
2357 1016 2592 1099 BooteS,
2631 1018 2916 1084 Franco-

550 1118 710 1199 galli
727 1121 949 1183 autem
960 1122 1224 1197 praeter
1233 1116 1454 1179 Bootis
1467 1117 1846 1197 popularem
1863 1117 2112 1181 habent
2129 1118 2639 1199 appellationem
2656 1120 2916 1187 bouvier.

721 1221 866 1285 Hac
928 1237 1088 1285 voce
1147 1220 1230 1283 ad
1290 1218 1736 1298 quaestionem
1797 1220 1880 1284 de
1940 1220 2222 1284 nominis
2277 1224 2538 1305 Βοώτης
2559 1221 2607 1306 1)
2661 1223 2915 1306 origine

552 1322 973 1388 traducimur.
1063 1323 1361 1402 Apparet
1421 1340 1563 1387 eam
1625 1341 1664 1386 a
1720 1321 1928 1403 stirpe
1973 1324 2082 1404 βο·
2122 1323 2302 1390 vocis
2348 1326 2506 1405 βοῦς
2568 1324 2914 1391 formatam

553 1443 693 1490 esse
726 1426 947 1489 eodem
993 1426 1177 1490 modo
1223 1443 1344 1504 quo
1377 1421 1711 1510 δημ-ώτης,
1759 1422 2058 1510 ἰδι-ώτης,
2105 1423 2486 1511 Ἰταλι-ώτης
2515 1427 2667 1492 alia.
2729 1429 2914 1510 Quod

550 1526 607 1591 si
651 1545 877 1593 verum
925 1532 1043 1610 est,
1090 1527 1421 1609 significat
1467 1546 1630 1609 eum,
1689 1527 1802 1607 qui
1860 1526 2038 1593 inter
2082 1529 2284 1595 boves
2329 1528 2536 1595 vitam
2582 1530 2784 1612 degit,
2838 1537 2914 1597 ut

550 1625 584 1691 ὃ
616 1626 962 1714 Ἰταλιώτης
992 1630 1059 1694 111
1090 1630 1311 1712 Italia,
1350 1627 1383 1692 ὃ
1417 1626 1744 1714 δεσμώτης
1773 1629 1843 1694 111
1875 1629 2157 1695 vinculis
2188 1630 2375 1698 vivit.
2433 1632 2578 1696 Hoc
2609 1638 2913 1713 apertum

546 1738 612 1796 et
643 1733 912 1812 planum
944 1733 1375 1812 veriloquium
1424 1732 1718 1811 antiquis
1765 1732 2099 1813 cognitum
2147 1731 2345 1797 fuisse
2386 1751 2467 1797 ex
2507 1752 2580 1798 eo
2616 1742 2912 1818 apparet,

547 1836 717 1914 quod
779 1840 847 1899 et
900 1836 1104 1901 verbo
1165 1837 1432 1914 βοωτεῖν
1501 1835 1681 1915 (Hes.
1729 1853 1830 1914 op.
1877 1834 2028 1916 391)
2090 1839 2158 1898 et
2200 1837 2444 1914 βοωτία
2506 1835 2709 1919 (Suid.
2756 1857 2804 1902 s.
2850 1859 2911 1906 v.

545 1938 869 2020 βοωτίοεις)
901 1935 1334 2018 utebantur.2)
1410 1936 1537 2000 Est
1567 1935 1776 2017 igitur
1815 1936 2151 2018 bubulcuS,
2199 1936 2310 2016 qui
2341 1936 2487 2002 ideo
2520 1940 2911 2024 appellatur,

546 2039 716 2117 quod
762 2057 964 2118 prope
1023 2045 1332 2118 magnum
1378 2037 1543 2102 illud
1583 2036 1917 2117 reperitur
1962 2037 2237 2120 signum,
2303 2042 2475 2118 quod
2519 2058 2646 2104 non
2704 2043 2909 2107 solum

545 2139 775 2225 ἄρκτον
819 2141 924 2207 vel
971 2158 1193 2204 ursam
1239 2142 1354 2205 sed
1407 2140 1607 2205 etiam
1653 2137 1909 2219 ἅμαξαν
1952 2140 2060 2206 vel
2105 2141 2474 2222 plaustrum
2521 2142 2908 2227 dixerunt.⁸)

542 2244 763 2323 thue
809 2260 890 2308 ex
922 2261 1113 2307 ursae
1145 2242 1590 2323 appellatione
1621 2261 1819 2308 ursae
1851 2247 2088 2326 custOS,
2136 2242 2231 2308 sic
2261 2263 2344 2308 ex
2376 2244 2689 2326 plaustrO,
2737 2249 2909 2326 quod

538 2346 832 2411 inhabile
864 2345 1174 2410 curriculi
1217 2364 1423 2427 genus
1455 2345 1869 2412 tardissimae
1900 2345 2203 2411 motionis
2246 2364 2374 2411 non
2412 2348 2494 2411 ab
2541 2348 2745 2429 equiS,
2790 2352 2909 2414 sed

540 2468 580 2513 a
624 2450 839 2514 bubus
906 2448 1229 2529 trahitur,
1290 2449 1611 2514 bubulcus
1672 2447 1891 2513 factus
1957 2453 2088 2531 est,
2160 2448 2271 2528 qui
2347 2449 2551 2530 ipsius
2617 2451 2907 2531 plaustri

538 2552 831 2618 iumenta
873 2552 1122 2635 dirigit.
1210 2552 1603 2618 Rectissime
1664 2553 2016 2618 Vossius
2078 2554 2164 2617 ad
2223 2554 2419 2618 Arati
2475 2572 2601 2620 vss.
2649 2556 2906 2621 91—95

540 2658 846 2721 adnotat:
893 2654 1035 2718 Das
1081 2660 1336 2736 yro'ssere
1379 2653 1810 2735 Drehyestirn,
1856 2657 1953 2719 als
1995 2655 2212 2718 Bc'irin
2253 2656 2524 2739 yedacht,
2567 2657 2677 2720 hat
2702 2658 2908 2721 himer

538 2758 666 2820 sich
708 2757 829 2820 den
873 2755 1275 2820 Bc'irenhiiter
1319 2757 1707 2838 Arctofylax,
1752 2758 1850 2821 als
1901 2757 2140 2837 Wayen
2182 2776 2289 2819 vor
2329 2758 2461 2820 sich
2505 2758 2626 2822 den
2656 2760 2902 2824 Bootes.

542 2859 778 2937 Itaque
822 2858 1208 2923 Latinorum
1255 2863 1486 2939 poetae
1548 2876 1692 2923 eum
1745 2858 2032 2939 plaustri
2079 2860 2293 2924 bubus
2349 2859 2763 2926 minitantem
2807 2862 2904 2927 in-

542 2962 807 3043 ducunt,
851 2960 1035 3027 velut
1080 2960 1254 3024 Man.
1301 2960 1335 3023 I
1379 2961 1506 3026 316
1524 2979 1649 3040 sq.:

1980 3114 1994 3128 .
2040 3114 2052 3128 .
2098 3113 2113 3128 .
2157 3064 2397 3129 Bootes

848 3166 1016 3245 quod
1061 3164 1351 3249 similis4)
1397 3164 1638 3230 iunctis
1677 3164 1894 3230 instat
1938 3166 2019 3230 de
2059 3184 2237 3230 more
2280 3165 2596 3232 iuvencis,

707 3301 895 3366 Solus
920 3320 1036 3382 per
1059 3319 1130 3366 se
1151 3305 1289 3365 stat
1311 3300 1687 3365 Martianus
1712 3300 1999 3384 Capella,
2023 3301 2136 3381 qui
2159 3301 2328 3366 VIII
2346 3301 2471 3367 808
2497 3301 2806 3368 maiorem
2832 3307 2901 3368 et

535 3403 845 3469 minorem
876 3422 1096 3469 ursam
1133 3407 1433 3469 veterum
1469 3403 1857 3468 Latinorum
1902 3404 2106 3469 oculis
2151 3400 2416 3469 intuens
2459 3422 2575 3487 pro
2607 3405 2898 3486 septenis

534 3508 748 3572 bubus
792 3505 1043 3588 habuit,
1091 3506 1325 3586 quibus
1369 3507 1625 3572 Booten
1671 3511 2003 3586 pastorem
2051 3506 2384 3572 adiunxit:

744 3628 785 3693 5
830 3626 1016 3691 illinc
1060 3624 1165 3691 bis
1212 3629 1464 3706 septem
1509 3626 1741 3692 solitus
1787 3646 2061 3692 servare
2107 3627 2382 3692 Triones

836 3733 1066 3811 pastor
1110 3728 1544 3811 Hyperborea
1588 3729 1966 3810 resplendet
2014 3730 2160 3794 luce
2205 3729 2519 3814 Bootes.⁶)

708 3897 746 3966 1)
784 3899 940 3953 Unde
987 3915 1184 3954 nomen
1232 3899 1339 3954 viri
1386 3898 1663 3967 proprium
1710 3899 1937 3963 Βοώτης
1986 3898 2260 3967 (Hippocr.
2308 3916 2360 3967 p.
2397 3899 2498 3953 984
2512 3899 2582 3969 D)
2638 3914 2667 3953 e
2703 3899 2895 3955 sideris

530 3981 897 4052 appellatione
930 3986 1168 4053 pendeat
1202 4001 1385 4054 necne,
1423 3985 1571 4040 haud
1608 3984 1733 4039 scio.

705 4068 747 4137 2)
781 4070 978 4137 Itaque
1028 4071 1391 4125 necessarium
1439 4087 1547 4125 11011
1597 4076 1681 4125 est
1729 4070 2069 4138 acquiescere
2115 4069 2173 4123 in
2208 4069 2447 4124 Vossii
2495 4070 2894 4139 explanatione,

528 4154 622 4223 qui
658 4155 727 4209 ad
763 4156 895 4221 βοῦς
931 4161 988 4210 et
1023 4152 1193 4205 ὤθέω
1227 4155 1555 4225 refugiebat.

703 4241 744 4309 ⁸)
780 4241 862 4295 De
898 4257 1002 4308 quo
1039 4241 1164 4296 vide
1198 4241 1345 4295 infra
1381 4257 1425 4294 c.
1462 4242 1521 4295 II
1557 4243 1587 4308 ξ
1628 4241 1674 4295 1.
1986 4239 2029 4308 ⁴)
2066 4239 2309 4294 stimulis
2343 4241 2593 4307 Bentley.

698 4324 740 4391 ³)
778 4326 1156 4380 Coniecturam
1194 4326 1522 4381 Graecorum
1556 4327 1654 4378 τὸν
1678 4325 1900 4392 βοώτην
1937 4331 1995 4381 et
2017 4325 2195 4393 ipsum
2221 4325 2477 4393 primitus
2512 4324 2673 4378 boum
2709 4329 2886 4377 custo-

526 4410 647 4465 dem
686 4411 855 4466 fuisse
889 4412 1034 4466 infra
1069 4412 1377 4467 accuratius
1414 4411 1710 4481 castigabo.

2477 4493 2572 4546 10*
