3576 5085
670 394 798 458 244
1574 389 1877 445 Guilelmus
1912 390 2127 444 Gundel
2879 389 3038 479 [152

666 581 1010 644 perperam
1053 560 1223 627 Solis
1286 579 1484 641 equos
1529 560 1852 626 direxisse
1895 560 2265 626 narrabant
2308 558 2511 640 (Man.
2556 561 2593 625 Ι
2622 561 2772 646 724)
2796 560 2877 647 1);
2932 562 3037 629 in-

666 665 894 731 cendio
938 669 1078 730 tum
1123 668 1266 730 orto
1326 662 1700 744 explicatur
1758 663 1962 729 dictio
2012 663 2210 747 playa
2251 670 2396 727 usta
2449 682 2651 745 supra
2708 683 2861 748 pag.
2909 666 3038 733 150

667 772 1185 833 commemorata.

836 869 1113 935 Praeter
1141 869 1262 934 has
1293 868 1646 952 opiniones,
1691 887 1860 949 quae
1889 868 2067 936 viam
2096 868 2383 935 lacteam
2413 888 2532 950 pro
2563 868 2802 935 itinere
2832 870 3037 937 solari

666 970 1019 1054 accipiunt,
1064 970 1199 1037 alia
1230 972 1461 1037 extitit
1504 970 1860 1054 sententia,
1907 989 2074 1052 quae
2112 972 2194 1036 de
2233 971 2348 1037 via
2379 972 2647 1037 deorum
2677 971 3038 1055 cogitabat.

665 1075 855 1140 Hanc
901 1075 1218 1156 explanat
1262 1066 1536 1141 Ouidius
1582 1075 1739 1139 Met.
1784 1074 1820 1138 I
1863 1075 1988 1139 168
2004 1093 2173 1154 sqq.:

975 1194 1104 1260 Est
1149 1194 1263 1261 via
1307 1193 1627 1276 sublimiS,
1674 1194 1855 1259 caelo
1900 1193 2257 1260 manifesta
2301 1212 2548 1277 sereno,

972 1297 1190 1362 lactea
1233 1315 1467 1361 nomen
1511 1296 1731 1378 habet,
1778 1297 2060 1362 candore
2101 1296 2418 1363 notabilis
2461 1297 2620 1378 ipso.

970 1399 1116 1463 Hac
1160 1399 1294 1463 iter
1338 1402 1443 1463 est
1485 1399 1744 1478 superis
1792 1400 1880 1463 ad
1923 1398 2147 1480 magni
2191 1404 2375 1465 tecta
2423 1399 2747 1466 Tonantis
2771 1400 2822 1485 ²)

972 1501 1396 1582 regalemque
1444 1502 1715 1566 domum.
1806 1501 2063 1567 Dextra
2106 1501 2428 1583 laevaque
2478 1503 2750 1568 deorum

978 1602 1160 1668 atria
1204 1603 1523 1669 nobilium
1565 1603 1787 1669 valvis
1836 1604 2260 1670 celebrantur
2304 1605 2575 1688 apertis.
2787 1599 2790 1600 ἢ

836 1724 932 1791 Ut
978 1722 1287 1791 Ovidium
1321 1723 1723 1790 Graecorum
1766 1722 1908 1790 fere
1952 1724 2198 1806 ubique
2242 1724 2562 1807 exemplis
2606 1725 2735 1790 niti
2775 1726 3037 1809 scimuS,

664 1827 787 1893 hoc
831 1845 1084 1908 quoque
1129 1827 1268 1892 loco
1314 1826 1642 1893 Graecam
1702 1827 2070 1893 doctrinam
2114 1846 2261 1893 eum
2320 1847 2554 1909 sapere
2621 1827 3035 1894 coniciemuS.

666 1928 970 1996 Ovidium
1016 1934 1280 1995 secutus
1324 1948 1468 1995 esse
1512 1929 1781 1996 videtur
1825 1929 2199 1996 Martianus
2244 1930 2519 2013 Capella
2548 1932 2584 1995 I
2621 1932 2723 2014 97,
2767 1930 2880 2012 qui
2923 1933 3037 1997 de-

663 2050 847 2097 orum
894 2031 1239 2098 concilium
1298 2032 1369 2097 in
1414 2032 1682 2113 galaxia
1741 2032 2035 2115 collocat,
2101 2032 2217 2098 ubi
2265 2032 2342 2098 tn
2403 2031 2639 2099 lacteis
2701 2033 2883 2099 sellis
2936 2032 3037 2099 dii

662 2134 1011 2200 considunt
1055 2135 1251 2219 (209).
1339 2135 1588 2200 Eodem
1635 2139 1897 2217 spectat
1943 2135 2340 2201 Claudianus
2385 2135 2698 2201 XXXIII
2725 2138 2900 2203 231:
2936 2136 3034 2200 di-
3131 2169 3136 2172 ·

664 2238 807 2300 vino
850 2239 1068 2300 semita
1109 2256 1329 2317 yressu
1378 2237 1624 2301 claruit.

833 2339 1063 2418 Neque
1107 2339 1400 2419 deerant,
1445 2337 1557 2418 qui
1603 2337 1774 2403 hanc
1805 2338 2172 2420 opinionem
2201 2340 2407 2405 latius
2453 2333 2848 2406 excolerent.
2936 2340 3035 2406 Ut

664 2439 777 2506 via
818 2441 1040 2505 lactea
1083 2443 1332 2505 terram
1374 2444 1654 2522 tangere
1708 2440 2008 2525 videtur,
2067 2443 2333 2509 numina
2395 2462 2476 2509 ea
2535 2443 3035 2525 progredientes

664 2547 783 2608 aut
814 2562 856 2608 a
885 2547 1069 2608 terra
1112 2541 1181 2607 in
1214 2544 1468 2609 caelum
1498 2548 1616 2609 aut
1663 2562 1699 2609 e
1731 2546 1913 2611 caelo
1944 2545 2012 2611 in
2051 2550 2301 2612 terram
2333 2546 2431 2612 ire
2473 2551 2800 2628 poterant.
2887 2547 3032 2612 Iam

661 2645 1020 2711 accedebat
1056 2645 1273 2712 altera
1310 2647 1430 2712 illa
1468 2646 1703 2731 opini0,
1751 2668 1945 2729 quam
1980 2667 2181 2732 supra
2217 2669 2365 2732 pag.
2410 2650 2531 2714 131
2576 2667 3031 2716 commemora-

662 2747 894 2828 vimuS,
919 2748 1092 2814 anim
1100 2768 1175 2814 as
1199 2768 1581 2832 magnorum
1598 2751 1929 2816 hominum
1955 2758 2024 2816 et
2044 2759 2200 2817 ante
2218 2756 2287 2817 et
2302 2756 2450 2833 post
2465 2752 2673 2820 vitam
2690 2753 3032 2818 mortalem

658 2851 730 2915 in
762 2852 944 2917 caelo
979 2870 1125 2916 cum
1154 2851 1256 2917 dis
1289 2871 1523 2918 aevum
1549 2872 1767 2934 agere.
1828 2854 1973 2919 Iam
1997 2854 2415 2936 intellegitur
2437 2874 2568 2936 qua
2598 2874 2671 2920 re
2702 2856 3031 2921 adductus

661 2953 1039 3020 Macrobius
1071 2955 1315 3020 dixerit
1348 2954 1417 3020 in
1462 2955 1721 3021 Somnio
1767 2956 2089 3039 Scipionis
2120 2959 2155 3023 Ι
2188 2959 2285 3041 12,
2319 2960 2376 3023 1.
2405 2960 2480 3023 2ε
2526 2958 2850 3021 descensus
2892 2978 3031 3022 vero

659 3057 871 3139 ipsius,
919 3075 1037 3140 quo
1082 3058 1297 3120 anima
1341 3057 1414 3120 de
1458 3059 1622 3122 caelo
1663 3060 1734 3122 in
1776 3058 1965 3123 huius
2021 3061 2179 3124 vitae
2234 3060 2494 3141 inferna
2560 3060 2885 3144 delabitur,
2943 3063 3034 3124 sic

660 3158 813 3222 ordo
867 3158 1208 3242 diqeritur:
1267 3159 1590 3223 zodiacum
1650 3163 1741 3224 ita
1802 3162 2031 3226 lacteus
2089 3163 2364 3227 circulus
2424 3163 2702 3247 obliquae
2767 3165 3029 3227 circum-
3123 3166 3126 3169 ’

654 3260 945 3342 flexionis
988 3281 1245 3325 occursu
1289 3262 1612 3327 ambiendo
1658 3265 2091 3349 complectitur,
2136 3272 2205 3328 ut
2249 3285 2406 3349 eum,
2454 3283 2580 3350 qua
2626 3266 2749 3329 duo
2794 3267 3031 3349 tropica

656 3365 843 3448 siqna
879 3362 1300 3447 Capricornus
1331 3371 1385 3429 et
1417 3364 1652 3429 Cancer
1684 3367 2002 3452 feruntur,
2045 3369 2373 3434 intersecet.
2462 3367 2611 3432 Has
2637 3369 2790 3433 solis
2809 3375 3031 3449 portas

657 3465 897 3549 physici
936 3475 1313 3534 vocaverunt.
1357 3519 1373 3534 .
1418 3520 1432 3533 .
1477 3519 1493 3534 .
1537 3468 1661 3532 Per
1701 3469 1816 3533 lias
1849 3477 2070 3553 portas
2113 3473 2361 3535 animae
2403 3471 2481 3535 de
2522 3470 2686 3535 caelo
2729 3473 2801 3534 in
2829 3476 3029 3534 terras

657 3587 866 3631 meare
906 3575 961 3632 et
1004 3569 1081 3632 de
1123 3572 1310 3633 terris
1355 3572 1424 3633 in
1469 3571 1704 3634 caelum
1749 3591 2026 3636 remeare
2068 3573 2426 3640 creduntur.
2513 3573 2663 3638 Ideo
2703 3574 3025 3638 hominum

658 3689 808 3746 una,
855 3670 1054 3734 altera
1084 3671 1339 3735 deorum
1382 3678 1650 3757 vocatur.
1738 3673 2092 3738 Hominum
2132 3696 2367 3759 cancer,
2414 3678 2565 3760 quia
2588 3696 2704 3759 per
2746 3677 2915 3741 hunc
2955 3679 3029 3740 in

655 3773 963 3854 inferiora
1005 3774 1330 3838 descensus
1371 3781 1474 3858 est,
1522 3774 1949 3859 Capricornus
1990 3778 2262 3867 deorum,
2310 3781 2459 3862 quia
2499 3800 2616 3862 per
2658 3779 2842 3843 illum
2886 3781 3026 3843 ani-

656 3896 750 3906 ——-

833 3942 873 4011 ¹)
909 3943 1050 3998 Vide
1086 3943 1255 3998 etiam
1290 3945 1380 3999 ΡΒ.
1417 3946 1566 4000 Plut.
1604 3946 1740 4014 plac.
1777 3946 1969 4014 philos,
2007 3947 2095 4000 III
2134 3947 2181 4002 1.

827 4028 870 4099 ²)
906 4028 1108 4098 Viguit
1130 4030 1264 4084 baec
1284 4032 1563 4098 persuasio
1583 4033 1729 4099 apud
1747 4032 2035 4100 plerasque
2053 4033 2329 4088 nationes:
2356 4034 2503 4102 apud
2526 4035 2690 4089 Indos
2716 4035 2804 4102 (A.
2822 4034 3028 4089 Kuhn

652 4113 986 4181 Zeitschrift
1025 4114 1130 4183 fiir
1174 4115 1334 4184 verql.
1385 4115 1897 4186 Sprachforschuny
1929 4118 1987 4171 II
2023 4118 2145 4187 316)
2198 4126 2256 4173 et
2291 4118 2586 4188 Hungaros
2640 4119 3026 4188 (Kohlbach

653 4199 818 4256 Arch.
850 4199 956 4267 fiir
988 4200 1167 4271 Reliy.
1218 4200 1543 4256 Wissensch.
1579 4202 1638 4255 H
1677 4201 1812 4256 1899
1847 4219 1975 4272 pag.
2000 4203 2123 4273 343)
2161 4208 2219 4258 et
2244 4203 2378 4258 alios
2416 4204 2825 4273 (Frobenius
2868 4204 3029 4258 Welt-

652 4285 1014 4355 anschauuny
1061 4287 1156 4340 der
1201 4286 1568 4341 Natwrvt'ilker
1612 4303 1740 4357 pag.
1777 4287 1907 4356 9173
1958 4289 2172 4357 Tylor
2207 4289 2242 4343 l.
2279 4289 2316 4343 l.
2353 4290 2383 4342 Ι
2428 4305 2555 4358 pag.
2604 4289 2735 4358 3533
2784 4289 3030 4344 Pictet

658 4370 911 4442 Origines
943 4371 1460 4441 indo-europeennes
1494 4373 1552 4426 H
1587 4373 1718 4441 5823
1755 4374 2055 4429 Drexler
2090 4374 2125 4427 Ι.
2162 4374 2199 4429 1.
2235 4391 2364 4444 pag.
2401 4374 2541 4443 733).
