3576 5085
512 427 621 516 57]
959 431 1039 484 De
1077 430 1360 484 stellarum
1398 431 1761 499 appellatione
1798 438 1855 487 et
1889 433 2153 502 religione
2190 435 2435 488 Romana
2752 438 2877 503 149

514 600 820 682 Inprimis
845 606 1068 667 autem
1092 602 1377 683 plaustri
1409 603 1710 686 aurigam
1736 623 1880 669 eum
1908 623 2049 670 esse
2073 607 2318 686 volunt,
2343 607 2528 672 cuius
2553 607 2650 672 rei
2671 612 2881 674 testes

513 703 686 768 locos
733 705 1005 769 afferam
1050 705 1276 770 hosce:
1324 705 1441 771 OV.
1481 707 1637 770 Met.
1668 706 1735 770 X
1766 708 1894 771 447
1927 707 2200 787 (flexerat
2246 707 2485 789 obliquo
2521 710 2881 791 plaustrum

512 806 785 889 temone),
829 809 1020 887 Prop.
1066 808 1161 872 IV
1193 807 1252 891 5,
1297 808 1380 874 35
1428 813 1497 873 et
1527 808 1672 874 8611.
1703 810 1829 892 Ag.
1864 811 1945 875 70
1992 809 2214 895 (versat
2257 811 2426 874 boves
2468 817 2522 875 et
2544 813 2882 898 plaustra),

512 908 656 973 Val.
695 909 913 974 Flacc.
943 909 1075 974 VII
1104 910 1231 974 457
1264 909 1495 991 (sidera
1525 915 1579 973 et
1609 931 1674 974 se
1697 911 1994 997 flexerat),
2027 913 2241 978 Germ.
2275 915 2398 978 139
2432 914 2733 995 (sequitur
2760 935 2883 991 sua

504 1009 856 1095 plaustra),
916 1011 1179 1078 Gaetul.
1225 1013 1401 1078 FPR
1444 1014 1589 1095 361,
1635 1013 1675 1078 3
1721 1012 2071 1098 (resupinat
2106 1016 2454 1100 plaustra),
2513 1017 2644 1083 Cic.
2688 1018 2879 1083 Arat.

512 1114 702 1196 frgm.
736 1114 836 1196 16,
867 1115 906 1178 2
939 1112 1145 1196 (quasi
1175 1119 1405 1178 temone
1434 1115 1795 1179 adiunctam
1829 1136 1989 1197 prae
2016 1137 2081 1180 se
2125 1120 2325 1199 quatit
2356 1119 2611 1204 areton),
2648 1119 2881 1186 Octav.

512 1217 639 1281 234
676 1216 989 1297 (plaustra
1018 1218 1175 1296 reyit
1199 1218 1441 1298 frigore
1469 1219 1700 1281 Are-too
1730 1219 1981 1304 repens),
2029 1220 2175 1285 Sen.
2207 1221 2375 1286 Med.
2407 1222 2534 1287 315
2581 1221 2883 1304 (sequitur

508 1318 814 1398 flectitque
870 1319 1222 1403 plaustra),
1290 1321 1532 1385 Auson.
1593 1321 1726 1386 VH
1783 1322 1898 1403 26,
1969 1324 2049 1387 19
2112 1343 2171 1403 p.
2234 1323 2356 1389 108
2417 1325 2600 1404 Peip.
2662 1324 2883 1408 (servat

515 1420 832 1506 arcera)1),
875 1422 1072 1486 Mart.
1118 1421 1269 1502 Cap.
1303 1423 1372 1487 ΙΙ
1416 1424 1516 1504 98,
1556 1424 1595 1488 3
1643 1422 1983 1506 (succendit
2027 1424 2234 1488 ardua
2275 1426 2605 1509 plaustra),
2652 1427 2880 1493 Isidor.

514 1523 745 1606 origin.
789 1523 897 1588 III
937 1525 1035 1606 70,
1066 1525 1106 1589 8
1152 1524 1457 1609 (plaustro
1500 1525 1746 1610 haeret).

687 1627 967 1692 Praeter
1013 1632 1254 1693 motum
1315 1627 1565 1693 arcturi
1618 1629 1974 1695 humanum
2019 1631 2087 1695 in
2145 1633 2398 1696 modum
2461 1633 2878 1712 procedentis

514 1729 741 1794 variae
787 1729 1074 1795 eiusdem
1121 1730 1356 1795 sideris
1417 1730 1895 1811 praedicantur
1940 1731 2294 1798 facultates
2359 1753 2399 1797 a
2443 1735 2880 1800 Romanorum

513 1831 740 1911 poetis
829 1831 1094 1897 Indicat
1139 1832 1312 1896 enim
1352 1833 1509 1897 anni
1554 1837 1848 1913 tempora
1894 1839 1969 1898 ut
2014 1836 2188 1914 apud
2219 1834 2316 1899 rei
2349 1836 2636 1901 rusticae
2679 1837 2881 1918 scrip-

514 1938 722 2014 toreS,
783 1933 1082 2013 inprimis
1142 1934 1322 2000 veris
1396 1933 1505 1999 vel
1567 1935 1868 1998 autumni
1942 1935 2204 2001 initium
2266 1937 2507 2018 (Plaut.
2554 1938 2719 2002 Rud.
2777 1940 2878 2020 69,

515 2035 714 2116 Verg.
757 2035 992 2116 Georg.
1037 2035 1072 2100 I
1118 2036 1217 2117 67,
1272 2036 1413 2118 229,
1460 2035 1685 2102 Claud.
1729 2037 2032 2103 XXXVI
2077 2040 2248 2122 225),
2294 2041 2645 2104 secundum
2706 2041 2877 2122 posi-

514 2136 756 2202 tionem
815 2136 1067 2201 indicat
1111 2137 1321 2202 noctis
1368 2143 1487 2203 aut
1553 2138 1815 2204 initium
1862 2141 2083 2223 (Mart.
2131 2141 2283 2221 Cap.
2330 2142 2400 2206 II
2431 2141 2538 2225 98)
2586 2147 2703 2207 6111
2747 2162 2880 2208 me-

517 2238 689 2303 diam
724 2244 979 2304 noctem
1011 2238 1152 2322 (Ov.
1184 2240 1340 2304 Met.
1380 2241 1447 2305 X
1479 2241 1622 2323 447,
1654 2240 1827 2306 Stat.
1859 2243 2062 2308 Theb.
2094 2243 2129 2308 I
2158 2243 2309 2328 692)
2356 2248 2474 2308 6111
2520 2249 2879 2309 extremam

515 2341 656 2420 (Ov.
690 2342 891 2407 Trist.
924 2342 958 2407 Ι
989 2344 1086 2425 11,
1134 2342 1248 2424 15;
1297 2343 1449 2409 171116
1484 2343 1682 2409 6116111
1715 2345 1907 2426 Prop.
1938 2345 2034 2411 IV
2066 2347 2123 2429 4,
2155 2345 2295 2429 35);
2345 2345 2655 2411 definitur
2686 2366 2878 2428 prae-

515 2448 703 2510 terea
776 2445 1316 2525 septentrionalis
1375 2447 1558 2528 regio
1618 2466 1737 2527 per
1798 2451 2163 2528 arcturum,
2231 2452 2350 2513 aut
2411 2448 2578 2514 caeli
2632 2449 2880 2534 (Aetna

515 2549 659 2629 243,
721 2548 868 2613 8611.
930 2548 1162 2629 Agam.
1224 2550 1324 2632 69,
1386 2549 1614 2615 Octav.
1658 2551 1802 2632 234,
1846 2551 2003 2615 Luc,
2050 2551 2217 2616 VIII
2265 2551 2414 2635 179)
2477 2557 2595 2617 aut
2660 2557 2880 2617 terrae

515 2650 738 2732 (Mart.
779 2650 876 2716 IV
922 2652 980 2732 3,
1023 2651 1094 2731 ὃς
1156 2651 1378 2716 Claud.
1424 2652 1594 2716 XXI
1642 2652 1799 2732 123;
1845 2654 1966 2719 Av.
2026 2653 2133 2718 ΙΙΙ
2171 2654 2355 2738 456);
2416 2656 2590 2719 1111116
2636 2655 2742 2736 fit,
2804 2660 2879 2719 ut

518 2752 717 2817 etiam
762 2772 881 2833 pro
926 2753 1138 2818 hieme
1182 2754 1291 2819 vel
1337 2753 1583 2835 frigore
1628 2754 1892 2820 dicatur
1937 2755 2187 2835 (Claud.
2233 2756 2534 2822 XXXVI
2581 2758 2749 2841 225).

688 2854 1022 2919 Extremis
1063 2859 1280 2919 autem
1327 2855 1752 2935 antiquitatis
1783 2856 2185 2937 temporibus
2218 2864 2641 2923 accesserunt
2673 2859 2878 2940 opini-

519 2955 749 3021 onibus
793 2958 979 3021 modo
1018 2956 1306 3022 laudatis
1346 2959 1821 3040 astrologorum
1869 2959 2257 3043 sententiae,
2305 2959 2416 3040 qui
2462 2959 2593 3040 ipsi
2630 2962 2882 3026 Booten

518 3076 770 3138 quoque
814 3058 1082 3124 humani
1129 3059 1254 3124 fati
1300 3059 1620 3125 arbitrum
1674 3079 1820 3126 esse
1856 3063 2204 3141 putabant.
2292 3062 2492 3127 Talia
2549 3082 2678 3128 non
2722 3083 2882 3130 vere

517 3159 830 3244 Romana,
877 3163 992 3226 sed
1023 3181 1064 3226 a
1096 3161 1440 3228 Chaldaeis
1486 3168 1762 3244 accepta
1794 3182 1935 3229 esse
1966 3164 2143 3230 haud
2174 3164 2569 3248 ignoramus.
2659 3166 2880 3247 Quare

516 3281 734 3344 pauca
767 3269 1023 3329 tantum
1055 3264 1243 3330 verbi
1273 3284 1474 3330 eausa
1509 3265 1822 3332 attulisse
1853 3265 2160 3332 sufficiat.
2227 3267 2435 3333 Docet
2473 3268 2789 3333 Manilius
2821 3270 2880 3335 V

514 3366 642 3432 358
659 3384 793 3445 sqq.
840 3370 1175 3432 arcturum
1217 3367 1288 3431 in
1337 3367 1572 3447 quinta
1608 3368 2061 3435 Arcitenentis
2112 3374 2304 3450 parte
2350 3369 2613 3436 efficere
2652 3390 2880 3453 regum

514 3468 846 3533 ministros
914 3474 984 3534 et
1043 3470 1497 3535 thesaurorum
1556 3472 1971 3552 praepositos
2049 3472 2556 3552 potentissimos
2667 3473 2880 3539 Simili

514 3572 698 3636 modo
742 3571 1070 3638 Firmicus
1115 3573 1456 3639 Maternus
1485 3574 1692 3639 Math.
1726 3574 1893 3639 VIII
1925 3576 2007 3640 13
2050 3575 2237 3640 dicit:
2284 3574 2392 3638 hoc
2437 3576 2660 3639 orienti
2702 3578 2881 3657 siyno

515 3672 626 3756 (se.
657 3674 933 3760 arcturo)
966 3676 1076 3755 qui
1114 3679 1303 3738 natus
1326 3676 1547 3755 fuerit,
1595 3678 1712 3740 erit
1742 3677 1889 3740 talis
1931 3680 2041 3758 qui
2085 3679 2426 3741 amicorum
2455 3683 2682 3741 secreta
2708 3678 2883 3758 fideli

515 3778 938 3839 taciturnitate
983 3776 1301 3861 custodiat,
1347 3796 1470 3858 quo
1516 3779 1661 3844 fieri
1705 3784 1782 3844 ut
1828 3798 2056 3862 regum
2103 3781 2452 3863 thesauriS‚
2497 3783 2880 3862 populorum

515 3878 807 3959 aerariiS,
840 3879 1114 3945 aedibus
1146 3880 1427 3961 publicis
1459 3881 1902 3948 custodiendis
1933 3882 2071 3948 sim.
2100 3889 2520 3963 proponatur.
2582 3886 2880 3964 Apparet

514 3981 687 4045 hanc
717 3981 1127 4047 custodiendi
1168 3982 1301 4049 vim
1347 3984 1431 4049 ab
1468 4003 1660 4050 ursae
1693 3987 1965 4050 custode
1995 3984 2218 4068 tribui,
2251 4004 2523 4066 quocum
2555 3986 2880 4069 convenit,

514 4085 687 4163 quod
733 4084 790 4148 si
820 4084 996 4148 mala
1040 4083 1245 4150 fuerit
1275 4086 1528 4151 arcturi
1571 4087 2003 4169 constellati0‚
2050 4088 2163 4167 qui
2209 4089 2331 4153 sub
2377 4109 2455 4154 ea
2500 4093 2879 4171 nascuntur,

512 4205 642 4251 non
689 4185 1067 4252 custodiunt
1112 4186 1240 4269 ipsi
1286 4191 1637 4254 secundum
1684 4190 2055 4272 Firmicum,
2104 4192 2220 4255 sed
2267 4192 2742 4257 custodiuntur.

637 4393 644 4399 ⁵
687 4407 708 4438 ²
765 4408 969 4462 Arcera
1003 4407 1312 4476 plaustrum
1350 4414 1433 4463 est
1468 4409 1760 4463 secundum
1798 4410 1935 4465 Gen.
1972 4410 2037 4464 N.
2075 4411 2140 4463 A.
2177 4411 2279 4464 XX
2317 4412 2365 4478 1,
2402 4410 2483 4463 29.
