3576 5085
522 426 682 515 125]
977 426 1060 480 De
1080 425 1377 480 stellarum
1413 425 1775 493 appellatione
1822 429 1881 479 et
1913 423 2177 494 religione
2210 424 2458 480 Romana
2772 426 2898 490 217

836 615 982 679 nox,
1027 596 1143 679 ait,
1186 595 1451 662 arcanis
1493 594 1827 677 fidissima,
1872 612 2171 676 quaeque
2217 594 2468 661 diurnis

838 718 1040 766 aurea
1083 718 1227 764 cum
1273 699 1432 764 luna
1477 697 1838 763 succeditis
1881 696 2149 780 ignibus
2195 702 2401 765 astra.

521 803 886 886 Splendore
943 802 1267 870 oscitante
1326 802 1564 867 stellae
1622 819 1695 867 se
1760 800 2068 881 precibus
2129 798 2358 867 favere
2416 800 2732 884 indicant,
2775 802 2899 869 ibi-

527 909 682 973 dem
727 926 791 973 v·.
835 906 993 971 217:

840 1011 909 1073 et
955 1006 1239 1073 dabitis:
1283 1024 1496 1086 neque
1541 1004 1714 1071 enim
1760 1004 2132 1071 micuerunt
2176 1005 2398 1071 sidera
2439 1007 2768 1091 frustra.¹)

701 1110 826 1177 His
873 1109 1095 1176 Ovidii
1137 1108 1300 1174 locis
1343 1108 1415 1174 in
1458 1108 1745 1174 siderum
1790 1112 2124 1189 potestate
2183 1113 2287 1174 est
2343 1108 2553 1175 velint
2606 1114 2900 1176 orantem

525 1213 846 1280 exaudire
889 1230 1127 1293 necne3
1171 1211 1324 1277 aliis
1368 1229 1525 1277 vero
1569 1215 1907 1292 tamquam
1952 1209 2238 1276 ministri
2291 1210 2563 1292 obsequi
2608 1216 2678 1278 et
2717 1212 2901 1278 caelo

524 1318 928 1383 descendere
972 1317 1312 1396 coguntur.
1400 1312 1584 1379 Dicit
1627 1314 1706 1379 de
1751 1332 1918 1395 saga
1963 1312 2263 1378 Tibullus
2307 1313 2343 1378 I
2387 1316 2445 1396 2,
2490 1315 2602 1380 43:

947 1419 1115 1483 hanc
1159 1434 1282 1499 ego
1324 1417 1406 1481 de
1451 1416 1634 1482 caelo
1679 1417 2027 1481 ducentem
2071 1414 2292 1481 sidera
2336 1415 2491 1482 vidi.

528 1521 631 1587 Et
677 1520 853 1587 idem
895 1519 1100 1595 τόπος
1141 1518 1427 1585 recurrit
1471 1520 1651 1600 apud
1692 1517 2040 1583 Horatium
2088 1519 2269 1599 epod.
2314 1518 2374 1584 V
2420 1518 2535 1584 45:

947 1641 1118 1704 quae
1163 1622 1384 1687 sidera
1425 1624 1788 1687 excantata
1832 1638 1993 1688 voce
2037 1620 2360 1686 Thessala

945 1724 1299 1805 lunamque
1345 1724 1523 1789 caelo
1568 1722 1831 1803 deripit.

708 1829 912 1895 XVII
956 1830 1028 1893 4:

951 1948 1073 2012 per
1119 1934 1321 2009 atque
1364 1928 1568 1994 libros
1613 1927 1975 1993 carminum
2018 1927 2381 1996 valentium

951 2031 1159 2097 refixa
1205 2032 1386 2096 caelo
1433 2032 1754 2096 devocare
1798 2028 2040 2096 sidera.

536 2134 726 2201 Anus
761 2134 1091 2202 Ovidiana
1123 2152 1321 2199 amor.
1351 2133 1386 2198 I
1417 2135 1474 2215 8,
1508 2132 1589 2197 10
1635 2132 2024 2214 sanguinem
2068 2132 2283 2198 stellis
2326 2137 2662 2198 rorantem
2710 2132 2903 2199 facit:

946 2235 1287 2318 sanguine,
1332 2235 1390 2301 si
1435 2254 1567 2315 qua
1610 2234 1792 2317 fideS‚
1838 2234 2177 2300 stillantia
2222 2234 2445 2300 sidera
2493 2234 2633 2302 vidi

948 2356 1316 2420 purpureus
1360 2338 1596 2403 Lunae
1641 2336 1965 2419 sanguine
2010 2337 2236 2403 vultus
2281 2343 2446 2403 erat.

536 2439 668 2507 Sed
712 2442 793 2505 de
822 2442 945 2507 hoc
980 2442 1119 2507 loco
1165 2440 1296 2506 iam
1335 2459 1536 2521 supra
1579 2458 1731 2522 pag.
1764 2441 1891 2505 114
1936 2439 2366 2506 adnotatione
2412 2442 2452 2506 3
2500 2439 2747 2505 dictum
2785 2444 2906 2505 est.

707 2561 815 2626 Ex
871 2561 956 2627 iis
1017 2580 1188 2642 quae
1235 2561 1452 2626 adhuc
1503 2560 1849 2625 attulimus
1909 2560 2322 2626 concluditur
2380 2560 2729 2641 plerosque
2773 2561 2904 2628 Ro-

537 2682 879 2729 manorum
941 2663 1166 2728 sidera
1224 2681 1342 2743 pro
1395 2660 1572 2728 vivis
1632 2661 1949 2728 habuisse
1994 2666 2066 2727 et
2109 2662 2325 2743 specie
2383 2666 2453 2728 et
2512 2662 2751 2728 animis
2797 2663 2908 2729 ho-

538 2765 786 2830 minum
845 2763 1210 2847 simillimis,
1272 2768 1571 2830 attamen
1630 2763 1836 2829 multo
1891 2762 2327 2830 validioribus
2374 2767 2443 2829 et
2489 2764 2908 2846 propioribus

538 2867 884 2952 deorum.2)
973 2867 1103 2932 Sed
1150 2871 1219 2932 et
1261 2867 1383 2931 hoe
1427 2885 1572 2931 cum
1616 2865 1992 2932 homiuibus
2037 2885 2372 2932 commune
2416 2867 2686 2950 habent,
2740 2869 2909 2947 quod

540 2987 671 3034 non
717 2968 944 3049 utique
988 2968 1389 3034 immortales
1421 2972 1594 3034 sunt.
1682 2969 1925 3034 Restat
1956 2967 2169 3052 igitur
2196 2973 2274 3034 ut
2313 2987 2708 3049 quaeramus
2739 2971 2911 3050 quod

522 3064 802 3153 'tempus
832 3070 1100 3138 vivendi
1143 3070 1421 3137 Romani
1467 3071 1560 3137 eis
1605 3071 2045 3137 attribuerint
2089 3077 2159 3137 et
2189 3090 2535 3153 quemnam
2565 3073 2910 3138 stellarum

541 3172 795 3239 exitum
830 3173 1377 3256 excogitaverint.
1435 3174 1578 3239 Hoc
1609 3174 2081 3253 quaerentibus
2104 3173 2341 3239 iterum
2367 3175 2538 3240 duae
2569 3173 2910 3257 opiniones

546 3275 735 3341 nobis
795 3281 1163 3341 occurrunt.
1266 3275 1433 3340 Nam
1513 3274 1824 3341 discimus
1901 3276 2132 3341 stellas
2199 3281 2390 3341 nocte
2460 3281 2733 3357 peracta
2793 3283 2911 3343 aut

543 3377 904 3444 morientes
947 3383 1064 3443 aut
1111 3378 1481 3444 occidentes
1525 3377 1566 3442 i.
1598 3397 1650 3444 e.
1698 3380 1784 3443 ad
1826 3377 2155 3460 refugium
2192 3396 2379 3443 suum
2411 3384 2642 3443 euntes
2687 3378 2912 3459 ibique

544 3499 752 3562 usque
793 3483 880 3546 ad
926 3485 1138 3546 ortum
1175 3485 1610 3546 remanentes.
1684 3480 2047 3560 Utriusque
2093 3479 2536 3561 persuasionis
2581 3481 2914 3562 permulta

546 3588 782 3650 extant
842 3583 1158 3664 exempla.
1284 3584 1389 3647 Ad
1455 3587 1726 3647 mortem
1771 3581 2204 3649 cottidianam
2272 3582 2558 3648 siderum
2601 3583 2912 3666 pertinet,

547 3704 694 3750 cum
730 3685 1154 3750 nominantur
1196 3684 1564 3768 morienteS,
1626 3685 1800 3750 diem
1843 3703 2211 3767 supremum
2259 3686 2596 3768 obeuntes,
2640 3690 2913 3755 mortem

550 3786 661 3852 vel
703 3787 897 3851 morti
940 3790 1398 3854 occumbentes
1442 3786 1528 3871 (v.
1558 3788 1632 3853 B.
1664 3787 2057 3871 Winaud,
2097 3787 2209 3852 1.1.
2241 3806 2392 3869 pag.
2425 3787 2551 3871 65),
2595 3788 2776 3856 vela
2805 3789 2912 3855 die

553 3887 834 3953 haustae
896 3886 1091 3972 (Stat.
1151 3890 1357 3955 Theb.
1417 3890 1549 3955 VII
1607 3889 1732 3973 47).
1851 3890 2258 3972 Quamquam
2331 3889 2675 3972 permultis
2734 3890 2912 3972 101118,

551 3989 792 4070 quibus
840 3990 1004 4056 haec
1041 4010 1080 4056 a
1111 3990 1423 4057 Romanis
1451 3991 1894 4076 proferuntur,
1935 3991 2330 4058 locutionem
2373 4010 2551 4058 mere
2593 3992 2911 4072 tropicam

734 4142 772 4211 ¹)
822 4142 1076 4197 Dracont.
1124 4158 1287 4196 carm.
1335 4143 1546 4212 profan.
1593 4144 1645 4197 X
1689 4144 1792 4198 432
1828 4144 2000 4213 (PLM
2046 4146 2099 4201 V
2143 4152 2271 4215 pag.
2319 4144 2468 4214 207):
2527 4143 2621 4198 scd
2666 4142 2913 4197 crinibus

548 4229 710 4281 astra
739 4226 747 4295 Ι
778 4225 976 4297 iynitis
1012 4243 1272 4296 responsa
1307 4227 1532 4284 dabant.

727 4313 769 4381 ²)
807 4313 1064 4367 conferas
1112 4313 1440 4368 Graecorum
1493 4326 1726 4379 στοιχεῖα
1773 4315 1864 4371 vel
1912 4311 2105 4384 ζῴδια,
2155 4315 2355 4369 Diels
2395 4314 2738 4368 Elementum
2782 4329 2911 4382 pag.

548 4399 776 4468 44sqq.;
812 4399 877 4454 Ε.
914 4400 1140 4454 Maass
1182 4399 1527 4469 Tayesqiitter
1558 4417 1685 4469 pag.
1721 4400 1840 4457 125.
