3576 5085
544 369 697 451 101]
994 369 1078 425 De
1116 369 1400 425 stellarum
1437 369 1801 439 appellatione
1836 375 1894 426 et
1927 370 2192 440 religione
2226 372 2475 427 Romana
2495 357 2525 377 ‘
2790 376 2917 442 193

541 540 877 607 Luther
925 540 1101 606 locos
1144 542 1346 606 Amos
1393 539 1455 605 V
1504 541 1544 607 8
1590 546 1660 607 et
1702 540 1822 606 Iob
1857 541 1962 607 IX
1994 542 2035 607 9
2071 561 2192 624 per
2237 541 2635 607 Gluckhenne
2679 543 2910 628 vertit,

542 642 658 710 ubi
701 645 782 709 de
825 642 1145 725 Vergiliis
1190 643 1641 710 Hebraeorum
1687 644 2075 711 vocabulum
2119 649 2495 730 usurpatur,
2555 648 2726 727 quod
2784 647 2913 731 ylo-

543 745 729 810 bulus
769 744 1183 828 significat.¹)

1356 1156 1397 1252 ἓ
1448 1165 1524 1232 4.
1610 1164 1733 1233 De
1788 1162 2104 1233 suculis

1205 1326 1245 1395 Ι.
1315 1325 1405 1396 ne
1450 1326 1825 1397 sucularum
1876 1325 2257 1396 nominibus.

717 1477 1097 1562 Suculae,
1144 1498 1359 1543 -arum
1390 1478 1569 1546 fem:
1616 1480 1807 1545 deest
1835 1479 2001 1545 haec
2033 1478 2393 1562 appellatio
2440 1482 2617 1561 apud
2654 1484 2911 1548 veteres

540 1586 772 1663 poetas
816 1580 1135 1647 Catonem
1179 1580 1560 1649 Varronem.
1646 1581 1909 1648 Primus
1969 1600 2052 1647 ea
2109 1582 2326 1647 utitur
2370 1581 2596 1648 Cicero
2657 1582 2768 1663 qui
2830 1585 2913 1648 de

540 1687 681 1751 nat.
728 1686 904 1750 deor.
950 1684 1021 1749 H
1069 1685 1190 1750 111
1254 1684 1775 1751 commemoratis
1829 1684 2180 1767 Hyadibus
2239 1683 2490 1766 pergit:
2551 1687 2754 1748 nostri
2794 1687 2912 1749 im-

533 1788 732 1868 perite
775 1785 1062 1870 Suculas,
1110 1790 1297 1871 quasi
1339 1807 1381 1850 a
1424 1786 1620 1851 subus
1660 1791 1872 1869 essent,
1917 1806 2043 1849 non
2089 1786 2167 1850 ab
2208 1786 2510 1850 imbribus
2539 1789 2913 1853 nominatae.

543 1888 922 1956 Ciceronem
951 1889 1204 1971 excipit
1232 1889 1512 1955 libertus
1557 1889 1701 1955 eius
1733 1888 1907 1971 Tim,
1951 1888 2138 1955 cuius
2168 1890 2567 1954 sententiam
2611 1890 2913 1956 servavit

543 1989 797 2057 Gellius
841 1990 1026 2057 Noct.
1070 1992 1214 2057 Att.
1257 1991 1433 2057 XIII
1477 1992 1536 2075 9,
1579 1994 1639 2075 4,
1700 1992 1815 2074 qui
1858 1992 1984 2057 hac
2030 1991 2287 2073 quidem
2345 1991 2416 2057 in
2477 2010 2550 2057 re
2609 1991 2915 2074 magistri

539 2092 606 2159 in
667 2095 879 2161 verba
935 2093 1206 2162 iuravit.
1309 2094 1562 2161 Gellius
1621 2099 1844 2160 autem
1917 2095 2058 2176 ipse
2114 2098 2380 2161 veteres
2437 2095 2764 2160 Romanos
2824 2096 2911 2160 ab

538 2194 875 2278 imperitia
919 2196 1277 2263 defendens
1320 2201 1546 2263 tamen
1589 2196 2021 2277 veriloquium
2067 2197 2337 2263 suculae
2381 2196 2450 2262 id
2511 2201 2614 2262 est
2659 2197 2912 2279 hyades

539 2296 675 2363 ἀπὸ
733 2308 848 2362 τοῦ
904 2297 1039 2363 ὕειν
1096 2299 1359 2366 retinet.
1476 2299 1702 2365 Etiam
1763 2299 2003 2366 Festus
2063 2300 2124 2365 h.
2185 2319 2237 2365 e.
2298 2299 2574 2366 Verrius
2633 2300 2913 2365 Flaccus

536 2420 599 2484 p.
641 2401 764 2468 301
785 2402 872 2484 M,
916 2405 1234 2482 quantum
1281 2421 1318 2467 0
1362 2401 1622 2468 miseris
1653 2404 2006 2469 verborum
2043 2400 2311 2467 laciniis
2357 2401 2689 2482 suspicari
2733 2401 2910 2484 licet,

540 2505 804 2572 suculas
848 2504 1179 2586 pluviales
1223 2523 1260 2572 e
1305 2504 1702 2572 Graecorum
1746 2502 1819 2569 τὸ
1863 2502 1999 2569 ὕειν
2044 2504 2323 2572 dixerat.
2410 2503 2674 2586 Reliqui
2718 2504 2913 2571 huius

541 2607 976 2691 etymologiae
1006 2607 1345 2675 antistites
1390 2614 1545 2674 sunt
1588 2607 1858 2674 Servius
1904 2612 1972 2673 et
2002 2609 2258 2673 Probus
2302 2608 2373 2673 in
2419 2608 2655 2689 Georg.
2701 2608 2736 2672 I
2768 2608 2910 2690 138,

541 2710 838 2776 Isidorus
897 2710 1061 2792 orig.
1104 2710 1212 2775 HI
1259 2710 1356 2791 70,
1413 2711 1513 2792 12,
1572 2710 1768 2775 schol.
1829 2710 2046 2776 Germ.
2091 2710 2428 2791 Sangerm.
2486 2730 2548 2791 p.
2594 2711 2737 2793 205,
2784 2713 2822 2775 7
2839 2711 2913 2776 Β.

545 2812 826 2878 Praeter
880 2811 1349 2895 'grammaticos
1394 2816 1675 2877 utuntur
1732 2831 1813 2877 ea
1870 2830 2031 2877 voce
2090 2811 2348 2877 Plinius
2407 2811 2673 2894 saepius
2735 2813 2916 2896 (Nat.

541 2912 715 2979 Hist.
759 2914 830 2979 H
876 2915 1019 2997 106,
1067 2914 1207 2995 110,
1266 2913 1503 2979 XVIII
1548 2914 1703 2998 247)
1764 2919 1835 2979 et
1881 2913 2254 2995 Columella,
2317 2915 2428 2995 qui
2480 2914 2665 2980 vario
2727 2916 2914 2980 modo

543 3019 662 3083 aut
702 3016 949 3099 plurali
991 3034 1258 3082 numero
1302 3016 1520 3083 utitur
1564 3020 1682 3082 aut
1725 3016 2074 3099 singulari.
2160 3016 2407 3082 Scribit
2468 3016 2640 3081 enim
2701 3017 2782 3081 de
2841 3035 2916 3082 re

543 3124 708 3185 rust.
750 3119 855 3184 XI
885 3121 944 3201 2,
975 3119 1091 3185 35:
1134 3118 1363 3183 Pridie
1403 3118 1549 3183 idus
1591 3119 1843 3200 Apriles
1874 3118 2142 3183 Suculae
2184 3120 2483 3201 celantur,
2524 3118 2784 3198 hiemat3
2828 3117 2916 3183 ib.

543 3222 659 3288 36:
702 3221 915 3287 XIIII
959 3220 1113 3286 Kal.
1157 3221 1377 3285 Maias
1423 3221 1689 3286 Suculae
1730 3241 1795 3286 se
1837 3223 2078 3305 vesperi
2121 3222 2341 3302 celant,
2388 3221 2675 3304 pluviam
2717 3222 2915 3304 siqni-

537 3322 717 3406 ficat3
775 3323 863 3390 ib.
905 3324 1022 3389 89:
1072 3324 1284 3405 pridie
1325 3323 1479 3390 Kal.
1522 3323 1882 3388 Decembres
1925 3328 2081 3388 totae
2136 3325 2391 3387 suculae
2435 3322 2733 3388 occidunt.
2821 3322 2916 3388 At

541 3425 645 3493 XI
689 3427 748 3510 2,
792 3427 908 3492 391
953 3424 1177 3491 Nonas
1219 3426 1432 3492 Maias
1474 3428 1695 3491 sucula
1746 3447 1887 3491 cum
1944 3427 2066 3491 sole
2121 3428 2430 3508 exoritur3
2489 3425 2575 3491 ib.
2622 3427 2737 3491 89:
2796 3446 2914 3489 un-

538 3529 772 3594 decimo
813 3528 965 3594 Kal.
1010 3528 1369 3594 Decembres
1410 3530 1633 3594 sucula
1678 3550 1863 3594 mane
1904 3530 2124 3594 occidit
2141 3550 2162 3593 .·
2201 3529 2444 3593 hiemat.
2549 3530 2916 3595 Praeterea

542 3638 868 3715 usurpant
895 3633 1021 3699 hoc
1050 3651 1405 3716 cognomen
1436 3633 1832 3699 scholiastae
1876 3633 1948 3698 in
1981 3632 2357 3699 Germanici
2388 3633 2636 3698 Aratea
2671 3631 2915 3713 passim

544 3751 608 3800 v.
644 3752 699 3800 0.
740 3753 802 3815 p.
848 3735 992 3817 136,
1038 3737 1150 3817 173
1195 3735 1341 3819 205,
1386 3735 1516 3803 210
1532 3736 1614 3802 al.

717 3836 991 3918 Quando
1035 3856 1190 3904 usus
1235 3838 1417 3905 vocis
1460 3838 1827 3903 sucularum
1873 3837 2160 3920 perierit,
2228 3841 2408 3903 certo
2466 3855 2597 3902 non
2656 3836 2916 3903 scimus

547 3936 979 4005 Grammatici
1009 3938 1181 4005 enim
1211 3939 1496 4007 fortasse
1530 3942 1791 4007 doctam
1820 3944 2079 4006 tantum
2111 3939 2534 4006 traditionem
2558 3943 2914 4005 servarunt

546 4040 834 4123 ipsorum
877 4042 1282 4123 temporibus
1326 4042 1460 4108 iam
1504 4044 1945 4128 emortuam.²)
2034 4043 2129 4107 At
2159 4044 2441 4109 secundo
2482 4043 2741 4108 saeculo
2786 4060 2914 4108 vox

720 4177 762 4246 ¹)
797 4176 914 4231 Hoc
949 4175 1016 4231 ab
1052 4176 1292 4247 Ilbergio
1325 4184 1364 4234 l.
1400 4194 1443 4232 s.
1478 4195 1530 4247 p.
1567 4178 1704 4233 2556
1750 4178 1986 4234 libenter
2039 4177 2219 4247 didici,
2270 4179 2364 4246 qui
2400 4178 2656 4232 admonet
2701 4181 2759 4230 et
2804 4175 2913 4229 He·

540 4260 827 4318 braeorum
863 4276 975 4338 τις-’,1
1014 4267 1074 4317 et
1108 4262 1429 4318 Latinorum
1464 4264 1715 4335 vergiliis
1749 4264 1978 4319 eandem
2014 4264 2234 4319 subesse
2267 4263 2579 4333 imaginem.

719 4346 761 4417 ²)
796 4345 889 4402 Ita
923 4347 1105 4402 iudico
1143 4348 1210 4402 de
1244 4349 1429 4418 glossa
1464 4349 1620 4419 Corp.
1657 4351 1824 4419 gloss,
1860 4350 1957 4406 lat.
1993 4350 2083 4404 III
2117 4367 2168 4419 p.
2195 4349 2313 4419 293,
2353 4350 2445 4402 17:
2482 4344 2639 4401 ὑάὸεε
2672 4343 2913 4402 suculae.
