3576 5085
598 325 722 389 114
1486 321 1802 400 ‚Guilelmus
1839 321 2052 375 Gundel
2850 319 2956 406 [22

597 514 816 562 corum
862 493 1288 576 Aphroditae,
1334 498 1410 559 ut
1452 491 1719 558 Ioannis
1763 491 1937 574 Lydi
1983 490 2208 557 verbis
2253 497 2424 573 utar,
2471 491 2583 571 qui
2627 492 2709 557 de
2754 509 2960 558 mens.

596 618 657 680 p.
685 599 768 663 31
801 600 968 663 extr.
1000 599 1098 663 ed.
1129 596 1225 663 W.
1255 597 1336 661 de
1364 595 1638 661 lucifero
1672 594 1873 660 dixit:
1908 587 2089 667 οὗτος
2118 591 2189 656 δὲ
2217 592 2296 656 ἂν
2327 590 2425 677 εἴη
2466 591 2501 656 ὃ
2520 591 2888 680 Ἀφροδίτης
2920 593 2955 657 ὃ

595 699 706 764 καὶ
733 697 1080 781 Ἕσπερος,
1129 696 1219 774 ὡς
1259 693 1518 780 Ἕλλησι
1562 696 1755 762 δοκεῖ.
1842 695 2165 762 Attulisse
2211 695 2486 761 Graecis
2530 697 2702 761 hanc
2745 697 2960 762 scien·

596 802 756 868 tiam
802 804 1074 883 praeter
1115 800 1280 866 alios
1311 799 1624 865 videntur
1651 800 1969 865 Eudoxus
2007 801 2076 863 et
2104 798 2438 879 Epigenes
2469 802 2537 863 et
2569 798 2959 879 Apollonius

597 903 927 987 MyndiuS,
959 921 1120 984 quos
1157 901 1408 969 Seneca
1427 901 1583 968 Nat.
1606 900 1874 984 Quaest.
1896 901 2031 967 VII
2053 903 2094 966 3
2125 904 2459 981 tamquam
2485 900 2958 967 Chaldaeorum

599 1006 949 1089 discipulos
1013 1006 1264 1072 laudat.
1389 1005 1792 1071 Graecorum
1860 1002 2228 1084 Aphrodite
2286 1002 2721 1069 Romanorum
2778 1003 2960 1070 facta

600 1115 702 1176 est
743 1111 988 1177 Venus.
1076 1108 1265 1191 Quod
1331 1125 1455 1188 quo
1514 1111 1806 1188 tempore
1866 1105 2196 1187 evenerit,
2257 1111 2436 1171 certe
2494 1125 2620 1172 non
2681 1110 2960 1187 constat,

596 1216 712 1280 sed
753 1213 1032 1280 fortasse
1062 1211 1381 1279 Varronis
1428 1210 1910 1293 temporibus.¹)
1998 1210 2128 1277 Sed
2158 1210 2473 1276 habemus
2517 1209 2961 1276 narrationem

597 1315 897 1383 Petronii
927 1315 996 1380 in
1028 1313 1533 1380 Trimalchionis
1580 1315 1764 1378 domo
1809 1312 2016 1378 fuisse
2047 1311 2341 1378 tabulam
2376 1312 2696 1376 stellarum
2737 1316 2962 1393 septem

595 1419 903 1500 imagines
938 1419 1142 1499 pictas·
1169 1417 1619 1482 ostendentem
1666 1416 1828 1499 (cap.
1860 1415 1999 1499 30);
2044 1415 2115 1478 in
2155 1415 2278 1480 hac
2307 1413 2653 1480 luciferam
2697 1414 2958 1480 stellam

597 1519 879 1587 Veneris
921 1519 1209 1602 imagine
1253 1518 1462 1585 fuisse
1491 1536 1870 1600 expressam
1916 1517 2213 1583 conicere
2255 1516 2414 1582 licet
2455 1515 2962 1598 inspicientibus

598 1623 834 1690 monile
880 1623 1203 1703 quoddam
1251 1627 1639 1705 argenteum
1683 1621 1916 1686 iisdem
1960 1619 2359 1702 imaginibus
2405 1623 2728 1703 ornatum,
2786 1621 2959 1700 quod

596 1726 674 1792 E.
719 1725 1152 1792 Maassius
1195 1723 1514 1808 repetivit
1557 1723 1979 1809 (Taqesyetter
2020 1743 2081 1804 p.
2128 1721 2300 1806 241).

769 1827 900 1894 Sed
938 1833 1208 1909 praeter
1256 1826 1656 1909 Babylonios
1700 1825 2022 1909 Aegyptii
2090 1842 2344 1906 quoque
2401 1827 2489 1891 ad
2544 1827 2963 1906 planetarum

598 1930 963 1998 doctrinam
1036 1930 1487 1997 contulerunt:
1563 1930 1684 1995 hoc
1758 1945 2011 2009 quoque
2087 1927 2339 1994 Seneca
2411 1932 2706 1994 testatur
2787 1927 2964 2014 (Nat.

599 2033 865 2117 Quaest.
924 2033 1058 2100 VII
1116 2033 1201 2117 3).
1303 2032 1489 2115 Quae
1555 2050 1662 2098 res
1724 2029 2001 2097 alicuius
2061 2030 2373 2096 momenti
2433 2032 2504 2096 in
2567 2031 2961 2112 appellando

598 2137 889 2218 Vespero
935 2136 1141 2201 fuisse
1185 2134 1467 2216 videtur,
1519 2134 1578 2199 si
1624 2134 1886 2214 quidem
1928 2132 2145 2198 Plinio
2206 2133 2402 2199 fidem
2447 2135 2787 2216 habemuS‚
2847 2134 2961 2216 qui

601 2237 764 2303 dicit
821 2237 898 2303 N.
956 2237 1039 2304 H.
1096 2236 1170 2303 II
1229 2239 1342 2303 37:
1417 2236 1690 2321 (lucifer)
1755 2237 1830 2299 in
1890 2254 2116 2316 mayno
2183 2237 2507 2299 nominum
2567 2235 2804 2300 ambitu
2862 2242 2966 2302 est.

598 2341 743 2404 Alii
771 2341 937 2403 enim
979 2339 1269 2416 Iunonie,
1312 2339 1427 2403 alii
1453 2337 1663 2421 Isidis,
1701 2339 1818 2402 alii
1844 2338 2087 2402 Matris
2112 2337 2295 2402 deum
2326 2339 2719 2420 appellavere.
2792 2339 2961 2405 Nam

596 2441 751 2509 inde
812 2461 854 2508 a
896 2442 1315 2508 Pharaonum
1374 2441 1777 2522 temporibus
1837 2441 2118 2507 Veneris
2175 2443 2373 2507 stella
2432 2440 2699 2525 Osiridi‚
2763 2441 2962 2508 Isidis

598 2546 834 2613 marito
865 2546 1089 2612 dicata
1120 2549 1269 2611 erat
1298 2544 1402 2629 (A.
1424 2546 1534 2611 Bo
1552 2545 1705 2610 uch
1723 2548 1801 2610 e·
1819 2545 2267 2628 Leclercq‚
2291 2544 2690 2626 L’astroloqie
2704 2565 2965 2627 yreeqwe

598 2669 660 2731 p.
704 2650 789 2715 66
834 2649 981 2714 adn.
1028 2647 1091 2732 1)
1114 2649 1193 2730 2);
1238 2647 1438 2713 Isidis
1484 2652 1704 2713 autem
1735 2666 2091 2729 cognomen
2136 2652 2205 2713 et
2247 2647 2482 2713 matris
2530 2650 2738 2730 deum,
2790 2667 2961 2729 quae

600 2770 745 2818 cum
775 2749 955 2818 Iside
985 2750 1232 2817 coaluit
1276 2750 1363 2836 (v.
1411 2749 1524 2815 Dr
1542 2750 1917 2816 exlerum
1960 2750 2032 2816 in
2062 2750 2380 2817 Roscheri
2411 2751 2571 2817 Lex,
2599 2750 2672 2816 II
2701 2770 2763 2832 p.
2793 2752 2965 2835 546),

599 2858 899 2922 secutum
942 2853 1224 2921 videtur.
1310 2851 1580 2919 Iunonis
1624 2872 1782 2919 vero
1828 2853 2189 2935 appellatio
2232 2854 2303 2919 in
2348 2853 2517 2919 libro
2562 2872 2816 2935 quoque
2860 2872 2963 2920 re-

599 2956 872 3040 peritur,
926 2955 1041 3038 qui
1084 2956 1239 3041 περὶ
1280 2954 1526 3037 κόσμου
1569 2956 1930 3038 inscriptus
1984 2962 2054 3022 et
2097 2960 2405 3038 receptus
2452 2962 2556 3022 est
2612 2956 2683 3022 in
2727 2975 2961 3038 corpus

601 3059 1128 3142 Aristotelicum3
1173 3058 1271 3124 ibi
1311 3059 1590 3143 legimus
1636 3079 1689 3125 c.
1722 3059 1793 3125 II
1837 3078 1899 3140 p.
1936 3060 2064 3125 392
2111 3060 2171 3124 A
2203 3061 2319 3126 28:
2366 3056 2401 3122 ὃ
2444 3069 2559 3123 τοῦ
2600 3058 2960 3145 Φωσφόρου

599 3162 890 3245 (κύκλος),
937 3160 1011 3225 ὃν
1063 3160 1440 3247 Ἀφροδίτης
1498 3160 1562 3225 οἱ
1622 3160 1693 3225 δὲ
1742 3160 1942 3247 (Ἠρας
1998 3163 2630 3248 προσαγορεύουσι.3)
2745 3164 2952 3245 Quam

601 3261 1037 3331 differentiam
1066 3264 1203 3330 illis
1232 3263 1637 3347 temporibus
1666 3270 1877 3332 ortam
1920 3268 2162 3349 putem,
2208 3265 2443 3348 quibus
2485 3264 2957 3332 Chaldaeorum

600 3369 924 3433 Astarten
966 3365 1037 3432 in
1081 3367 1408 3435 Graecum
1453 3371 1918 3435 converterent
1962 3373 2033 3434 et
2078 3369 2262 3434 dubii
2305 3370 2677 3452 haererent,
2740 3372 2955 3434 utrum

602 3487 682 3535 ea
725 3470 910 3535 Hera
954 3474 1130 3536 esset
1173 3490 1260 3536 an
1306 3470 1696 3553 Aphrodita.

769 3572 865 3637 At
908 3572 1115 3638 Plinii
1160 3572 1497 3640 adnotatio
1556 3573 1695 3639 sola
1752 3591 1873 3655 per
1918 3592 1991 3639 se
2036 3576 2207 3655 stat3
2268 3574 2462 3656 longe
2522 3571 2790 3654 plurimi
2848 3572 2960 3638 he-

599 3692 855 3756 sperum
921 3678 991 3741 et
1045 3674 1334 3740 Venerem
1403 3674 1581 3741 inter
1639 3694 1712 3742 se
1771 3675 2266 3741 coniunxerunt.
2370 3675 2961 3741 commendabatur

602 3878 694 3933 dee
729 3878 1196 3949 Moryenelernee;
1241 3877 1330 3933 die
1375 3876 1576 3948 ilppiye
1631 3879 1815 3935 Venus
1859 3879 2089 3933 Astarte
2136 3878 2221 3933 ale
2256 3878 2343 3932 elie
2394 3878 2594 3932 Gettin
2639 3876 2733 3933 dee
2776 3882 2968 3933 unter-

597 3962 875 4033 9ehemlen
920 3963 1350 4033 Venueyeetirns‚
1387 3964 1479 4018 cles
1514 3963 1933 4019 Abemlsternee.
2291 3965 2332 4033 ¹)
2367 3964 2508 4020 Vide
2541 3963 2686 4019 infra
2718 3981 2846 4034 pag.
2882 3964 2967 4019 31.

777 4048 820 4119 ²)
856 4049 1246 4105 Adnotandum
1280 4057 1367 4105 est
1389 4049 1590 4105 Isidem
1626 4049 1796 4105 etiam
1830 4065 1927 4119 pro
1963 4050 2175 4105 Venere
2210 4049 2415 4104 cultam
2447 4054 2503 4105 et
2537 4065 2765 4105 aurorae
2798 4050 2970 4105 domi-

601 4150 731 4190 nam
764 4139 1018 4204 putatam
1055 4150 1173 4190 esse
1209 4134 1422 4204 (Rosch.
1456 4136 1516 4190 II
1551 4152 1604 4204 p.
1640 4135 1760 4189 494.
1797 4135 1941 4205 441).

777 4220 820 4291 ³)
856 4220 1009 4287 Quod
1043 4219 1308 4289 Apuleius
1343 4220 1410 4276 de
1445 4222 1646 4276 mundo
1693 4237 1738 4276 c.
1773 4221 1833 4275 II
1878 4221 1962 4275 ita
1996 4221 2296 4277 convertit:
2350 4220 2583 4290 quintus
2616 4220 2967 4289 Phosphorus

600 4305 865 4376 Iunonia,
899 4306 1070 4361 immo
1104 4306 1329 4362 Veneris
1363 4306 1538 4376 stella,
1567 4308 1833 4362 censetur.
1883 4307 2024 4363 Vide
2048 4308 2217 4363 etiam
2244 4308 2387 4378 Aug.
2413 4308 2481 4362 de
2504 4306 2608 4362 civ.
2635 4306 2724 4361 dei
2746 4306 2856 4362 VII
2880 4304 2966 4360 15.
