3576 5085
660 393 789 458 246
1560 388 1865 444 Guilelmus
1899 388 2115 444 Gundel
2871 387 3027 476 [154

660 563 1057 630 Graecorum
1088 561 1431 643 sapientia,
1477 560 1633 642 quid
1678 565 1858 627 esset
1886 559 2003 627 via
2031 561 2265 644 lactea,
2296 559 2648 641 quaesivit.
2713 559 2920 626 Varia
2946 565 3029 627 ut

660 666 838 732 inter
882 664 1218 745 sapientes
1277 682 1591 747 responsa
1638 666 1796 730 data
1855 669 2026 745 sunt,
2085 681 2253 744 quae
2312 666 2390 729 nt
2434 682 2476 729 a
2536 666 2762 728 nostro
2827 681 3023 745 scopo

665 768 886 834 aliena
928 767 1188 849 omitto;
1245 766 1545 834 invenies
1589 766 1771 832 dicta
1812 766 2209 847 sapientium
2256 765 2535 831 collecta
2580 784 2621 831 a
2665 765 3025 832 Plutarcho

661 877 1015 953 personato
1056 871 1126 936 in
1159 870 1419 952 placitis
1448 868 1972 951 philosophorum
2004 868 2110 934 HI
2143 870 2178 933 1
2222 871 2293 934 et
2321 888 2362 934 a
2393 868 2728 934 Macrobio
2757 868 2828 934 in
2857 887 3026 935 com-

662 973 986 1041 mentario
1030 973 1103 1039 in
1146 972 1476 1039 Somnium
1522 971 1847 1053 Scipionis
1890 971 2112 1052 priore
2140 972 2176 1035 I
2209 970 2366 1054 15,1)
2411 975 2755 1052 poetarum
2799 990 2842 1036 a
2885 972 3032 1037 Ma-

661 1076 824 1143 nilio
868 1079 903 1142 I
951 1077 1078 1143 750
1094 1076 1292 1160 sqq.²)

1875 1371 1912 1414 ἱ.

1622 1442 2058 1512 Conclusio

834 1590 1187 1669 Postquam
1232 1587 1748 1669 disputationem
1793 1589 1881 1653 ad
1922 1586 2117 1653 finem
2162 1587 2458 1670 perduxi,
2500 1587 2801 1655 breviter
2845 1588 3027 1654 colli-

665 1710 823 1776 gere
868 1696 1068 1772 atque
1126 1695 1430 1773 repetere
1467 1690 1686 1774 liceat,
1745 1709 1918 1771 quae
1976 1691 2056 1756 de
2100 1690 2539 1757 Romanorum
2597 1690 3028 1774 opinionibuS,

665 1794 894 1876 quales
940 1796 1025 1860 ad
1069 1794 1301 1861 stellas
1346 1794 1704 1876 pertinent,
1748 1793 1962 1859 statui
2006 1812 2198 1874 posse
2242 1794 2575 1860 videntur.

837 1896 909 1962 Si
952 1915 994 1961 a
1037 1895 1523 1962 nominibus
1569 1897 1914 1962 stellarum
1949 1895 2211 1961 initium
2243 1895 2702 1962 considerandi
2733 1895 3030 1980 facimuS,

664 1999 946 2083 primum
1007 2017 1176 2079 quae
1235 2018 1275 2065 a
1318 1997 1592 2065 Graecis
1653 2001 2000 2080 desumpta
2066 2002 2222 2065 sunt
2280 1998 2611 2083 (Orionem
2671 1999 3038 2065 Arcturum.

666 2102 806 2169 sim.
836 2102 1024 2185 dico),
1067 2120 1485 2168 secernamus
1512 2119 1783 2168 necesse
1825 2105 1944 2167 est.
2017 2101 2274 2185 Quibus
2306 2101 2574 2168 reiectis
2605 2120 2854 2183 paucae
2886 2106 3031 2167 tan-

667 2211 807 2272 tum
851 2204 1331 2286 appellationes
1376 2209 1737 2284 remanent,
1782 2223 1955 2284 quae
1983 2222 2142 2271 vere
2172 2205 2508 2270 Romanae
2539 2209 2710 2270 sunt.
2797 2204 3029 2269 Etiam

669 2309 749 2373 de
794 2307 1025 2373 harum
1069 2305 1402 2388 nonnullis
1435 2305 1741 2372 dubitare
1772 2308 1986 2387 datur,
2031 2311 2252 2372 utrum
2284 2326 2326 2372 a
2354 2306 2667 2373 Romanis
2712 2306 3032 2374 inventae

667 2429 754 2476 an
800 2428 837 2474 e
868 2409 1120 2474 Graeco
1166 2427 1524 2476 conversae
1568 2408 1732 2474 sint:
1780 2428 2058 2490 quarum
2101 2409 2172 2475 in
2216 2429 2485 2477 numero
2525 2411 2886 2494 plaustrum
2928 2415 3036 2476 est

670 2511 756 2596 (v.
794 2530 998 2593 supra
1028 2531 1090 2593 p.
1122 2513 1246 2599 77).
1336 2512 1535 2579 Certa
1563 2512 2003 2579 Romanorum
2048 2513 2324 2581 inventa
2369 2533 2510 2581 esse
2554 2514 2766 2580 iudico
2807 2513 3030 2595 singu-

668 2616 883 2681 larum
927 2615 1272 2682 stellarum
1302 2630 1613 2699 vesperum
1645 2615 1836 2680 iubar
1863 2618 2230 2700 caniculam,
2275 2617 2563 2683 siderum
2591 2617 3029 2701 septentriones

669 2719 926 2800 iugulas
952 2720 1239 2803 verqilias
1266 2720 1535 2784 suculas.
1596 2719 1701 2785 Ex
1732 2720 1838 2786 his
1865 2722 2216 2787 secundum
2249 2721 2621 2786 claritatem
2653 2720 3033 2802 appellatae

669 2821 980 2890 videntur
1022 2841 1229 2902 vesper
1288 2826 1357 2888 et
1400 2823 1604 2905 iubar,
1664 2823 1901 2903 quibus
1948 2825 2272 2889 accedunt
2332 2844 2368 2889 e
2413 2823 2859 2890 communibus
2918 2841 3031 2888 no-

670 2925 960 2990 tionibus
1003 2925 1175 2989 stella
1221 2929 1290 2991 et
1332 2926 1528 3008 siclus,
1567 2924 1827 3004 reliqua
1861 2944 2095 2991 nomen
2138 2945 2219 2992 ex
2254 2926 2647 2993 animalibus
2691 2926 2802 2991 vel
2831 2925 3032 2991 rebus

671 3027 1100 3093 terrestribus
1147 3031 1505 3094 duxerunt:
1549 3035 1769 3109 septem
1816 3030 2039 3092 triones
2082 3030 2368 3093 canicula
2396 3031 2635 3112 sucula,
2676 3029 3034 3111 plaustrum

669 3131 926 3211 iuyulae
966 3131 1270 3211 veryiliae.
1359 3130 1646 3214 Quorum
1679 3134 1903 3196 triones
1934 3137 2004 3197 et
2031 3132 2252 3195 sucula
2279 3136 2418 3198 tum
2450 3135 2706 3198 demum
2744 3130 3034 3198 inveniri

671 3237 998 3316 poterant,
1044 3251 1187 3298 cum
1231 3233 1462 3299 Latini
1507 3253 1741 3316 agrum
1785 3236 2002 3301 colere
2062 3240 2132 3301 et
2188 3253 2492 3316 pecorum
2553 3253 2790 3318 greges
2852 3234 3033 3299 alere

673 3335 1079 3418 didicerunt3
1108 3335 1461 3418 plaustrum
1493 3355 1637 3402 cum
1659 3337 1902 3419 iuyulis
1922 3341 1992 3404 et
2005 3338 2290 3401 canicula
2314 3338 2447 3403 iam
2469 3339 2746 3404 rudibus
2767 3336 3033 3419 populis

672 3439 1076 3521 vagantibus
1135 3439 1502 3521 deditisque
1561 3439 1906 3507 venationi
1977 3444 2133 3506 nota
2192 3445 2403 3507 erant.
2520 3441 2651 3507 Sed
2726 3445 2795 3507 et
2867 3441 3036 3506 haec

670 3541 957 3607 fortasse
1018 3541 1103 3606 ab
1164 3541 1475 3622 agricolis
1535 3545 1792 3608 demum
1848 3546 2120 3624 reperta
2179 3547 2351 3627 sunt,
2396 3562 2668 3625 quorum
2708 3542 3034 3625 imprimis

671 3644 1001 3709 intererat
1044 3643 1202 3708 anni
1261 3646 1329 3709 et
1387 3643 1522 3710 diei
1582 3648 1882 3725 tempora
1925 3645 2125 3713 certis
2186 3647 2573 3727 quibusdam
2632 3647 2844 3730 signis
2900 3646 3034 3711 dis-

673 3764 959 3812 cernere.
1046 3745 1190 3812 Illis
1235 3750 1416 3813 certe
1459 3746 1647 3811 iubar
1688 3747 1841 3833 diei,
1883 3769 2087 3832 vesper
2128 3750 2340 3815 noctis
2370 3749 2634 3816 initium
2679 3744 3037 3832 indicabat,

671 3848 909 3913 suculis
967 3866 1256 3932 vernum,
1316 3852 1603 3914 canicula
1661 3852 2006 3934 aestivum,
2075 3853 2314 3936 iuyulis
2370 3852 2714 3919 hibernum
2773 3856 3034 3932 tempus

672 3950 1192 4034 significabatur,
1251 3955 1338 4018 ad
1379 3954 1672 4038 verpilias
1730 3954 1998 4036 singula
2055 3955 2205 4036 agri
2264 3955 2519 4022 colendi
2562 3957 2891 4022 momenta
2936 3952 3035 4017 di-

673 4055 1030 4139 gerebant3
1055 4055 1140 4120 ad
1170 4058 1607 4135 septentriones
1619 4061 1970 4137 praeterea
1993 4057 2125 4123 iter
2156 4057 2550 4142 dirigebant.
2596 4059 2702 4124 Ab
2726 4054 3035 4139 agricolis

673 4156 807 4239 alii,
849 4157 962 4238 qui
994 4161 1064 4223 et
1092 4157 1220 4239 ipsi
1252 4156 1537 4223 siderum
1565 4158 1834 4224 notione
1864 4161 2166 4244 egebant,
2197 4161 2541 4226 stellarum
2579 4160 2846 4227 nomina
2866 4157 3034 4224 ‹lidi-

845 4293 889 4362 1)
925 4293 1322 4362 Astrologicam
1359 4294 1632 4363 congessit
1667 4295 1952 4351 scientiam
1988 4296 2245 4351 Manilius
2283 4298 2311 4350 I
2345 4296 2448 4350 723
2460 4313 2576 4364 sqq.

848 4379 892 4446 2)
928 4395 981 4436 v.
1018 4379 1271 4433 Moller
1306 4377 1451 4433 stud.
1487 4379 1690 4436 Manil.
1726 4397 1855 4451 pag.
1895 4380 2050 4449 19sq.
