3576 5085
1146 1312 1433 1383 Totius
1487 1311 1764 1397 operis
1822 1314 2317 1396 conspectus

552 1524 985 1581 Prooemium
1088 1565 2653 1579 ...................
2723 1540 2860 1594 pag..
2894 1525 2919 1577 l

552 1627 595 1681 C
609 1643 642 1680 a
656 1644 690 1696 p
703 1643 741 1682 ιι
754 1634 781 1683 t
814 1644 850 1696 p
865 1642 893 1682 t
905 1627 926 1682 i
938 1644 990 1682 m
1004 1643 1042 1682 u
1058 1644 1129 1681 m.
1199 1627 1282 1681 De
1318 1626 1493 1681 stellis
1531 1625 1905 1696 singularibus

1106 1714 1138 1781 ἕ
1176 1712 1208 1766 1
1279 1712 1362 1767 De
1398 1712 1626 1768 Veneris
1663 1712 1826 1766 stella
1875 1753 2746 1766 ...........
2890 1712 2921 1763 ’7

1109 1800 1140 1865 ξ
1177 1798 1211 1851 2
1281 1797 1364 1851 De
1401 1796 1566 1851 stella
1600 1796 1851 1851 canicula
1959 1837 2573 1849 ........
2625 1836 2628 1839 -
2648 1840 2657 1850 .
2737 1839 2746 1850 .
2853 1797 2923 1851 33

1107 1884 1139 1950 ξ
1175 1883 1210 1935 3
1278 1883 1363 1937 De
1398 1880 1623 1936 Arcturi
1659 1880 1824 1935 stella
1879 1921 2747 1936 ...........
2854 1882 2923 1934 48

554 1984 781 2051 Caput
817 1984 1210 2039 secundum.
1282 1985 1364 2037 De
1400 1982 1668 2037 sideribus

1111 2070 1144 2137 ξ
1181 2070 1212 2122 1
1284 2069 1367 2123 De
1403 2067 1868 2136 septentrionibus
1965 2109 1975 2122 .
2051 2110 2061 2121 .
2136 2111 2146 2121 .
2217 2080 2231 2122 2
2308 2111 2749 2124 ......
2855 2070 2923 2123 59

1109 2156 1141 2222 ἕ
1179 2155 1211 2207 2
1282 2154 1366 2207 De
1401 2152 1608 2223 iugulis
1700 2196 2747 2211 .............
2854 2156 2923 2210 83

1107 2241 1138 2308 ξ
1174 2240 1210 2293 3
1280 2239 1362 2295 De
1398 2238 1649 2308 vergiliis
1705 2281 2662 2295 ............
2678 2263 2685 2270 ·
2738 2284 2748 2294 .
2855 2242 2923 2295 92

1105 2327 1138 2394 ξ
1175 2326 1207 2378 4
1278 2326 1360 2380 De
1397 2325 1601 2380 suculis
1700 2365 2744 2381 .............
2819 2328 2916 2380 101

552 2426 777 2495 Caput
813 2428 1125 2483 tertium.
1197 2430 1281 2484 De
1316 2428 1490 2484 stellis
1526 2428 1584 2484 in
1632 2428 1966 2499 universum,
2022 2430 2089 2484 de
2124 2429 2300 2485 stellis
2336 2428 2655 2485 cadentibus
2692 2434 2749 2486 et

1196 2514 1540 2585 cincinnatis,
1577 2530 1678 2570 nec
1712 2529 1821 2570 non
1857 2514 1924 2571 de
1961 2514 2051 2572 via
2087 2517 2264 2571 lactea

1107 2602 1140 2668 ξ
1177 2601 1209 2655 1
1281 2601 1364 2655 De
1399 2600 1573 2656 stellis
1610 2601 1669 2655 in
1703 2600 2021 2657 universum
2129 2643 2744 2656 ........
2818 2603 2920 2656 108

1106 2687 1140 2754 ξ
1175 2687 1209 2738 2
1280 2688 1365 2741 De
1401 2687 1577 2742 stellis
1614 2686 1935 2742 cadentibus
1957 2729 2743 2743 ..........
2819 2688 2920 2742 138
3039 2691 3046 2692 ⁷

1107 2773 1139 2839 ὅ
1174 2771 1209 2824 3
1279 2772 1360 2826 De
1397 2771 1571 2826 stellis
1608 2771 1824 2826 crinitis
1874 2814 2316 2828 ......
2347 2849 2352 2854 Δ
2391 2815 2746 2828 .....
2820 2774 2918 2827 141

1108 2857 1140 2923 ξ
1175 2855 1210 2908 4
1280 2855 1362 2910 De
1398 2856 1491 2912 via
1526 2857 1704 2911 lactea
1787 2899 2745 2915 ............
2821 2860 2921 2912 149

551 2955 926 3012 Conclusio
1011 2997 2744 3016 .....................

551 3057 880 3115 Addenda
923 3102 2745 3120 ......................
2819 3068 2918 3122 157

550 3159 771 3216 Index
834 3204 2744 3224 .......................

2819 2963 2998 3017 154’

2819 3155 3004 3224 158'
