3576 5085
566 429 684 517 39]
1022 427 1103 481 Ι)6
1140 427 1421 481 stellarum
1459 426 1821 495 appellatione
1859 431 1916 481 et
1951 426 2214 496 religione
2250 427 2497 480 Romana
2816 429 2936 494 131

569 601 748 668 enim
784 621 844 667 11.
878 620 927 665 6.
966 598 1273 682 Hyginus
1319 602 1480 663 astr.
1509 598 1581 662 II
1611 598 1694 663 35
1725 618 1784 678 p.
1820 600 1900 663 74
1917 598 1988 662 Β.
2034 599 2295 663 stellam
2345 601 2673 679 quandam
2719 598 2942 664 canini

568 704 813 769 ⁴sideris
874 702 1056 768 Isin
1112 701 1319 767 fuisse
1383 706 1708 781 vocatam,
1768 720 1963 781 quam
2025 704 2297 767 eandem
2358 708 2427 766 et
2486 701 2697 767 Sirion
2762 701 2941 767 dicit.

566 807 703 873 'Sed
750 825 894 871 cum
939 807 1106 870 haec
1150 804 1511 885 appellatio
1559 805 1737 884 apud
1781 803 2108 869 Romanos
2154 822 2281 869 non
2343 805 2484 869 late
2529 804 2825 885 viguerit
2871 810 2955 870 etv

564 909 716 975 61118
756 908 1045 991 vestigia
1076 907 1205 973 iam
1237 911 1551 988 congesta
1582 906 1718 971 sint
1748 926 1788 971 a
1822 907 1943 972 Gu.
1989 906 2101 971 Dr
2121 907 2366 973 exler
2399 908 2494 989 (in
2523 907 2941 973 Roscheri

572 1013 699 1078 lex.
730 1013 931 1094 myth.
963 1030 1010 1076 8.
1041 1031 1100 1077 v.
1131 1011 1261 1074 Isis
1291 1011 1362 1074 II
1395 1029 1544 1093 pag.
1576 1009 1728 1093 434)
1775 1029 2305 1075 commemorasse
2340 1029 2482 1075 eam
2512 1009 2677 1075 satis
2713 1011 2941 1076 habeo.

919 1252 985 1320 ΙΙ.
1060 1252 1148 1320 De
1194 1250 1597 1336 opinionibus
1648 1267 1794 1319 cum
1844 1250 2149 1318 canicula
2196 1250 2588 1319 coniunctis,

749 1406 1208 1489 Quaecumque
1238 1403 1479 1470 Sirium
1526 1405 1975 1484 sequebantur
2019 1409 2320 1469 veterum
2354 1402 2690 1484 opiniones
2739 1422 2821 1468 ex
2868 1423 2942 1469 eo

566 1508 895 1591 originem
941 1510 1288 1589 duxerunt,
1357 1510 1530 1588 quod
1590 1508 1788 1572 stella
1835 1506 2074 1571 canina
2132 1526 2320 1571 mane
2377 1507 2714 1572 oriebatur
2773 1507 2942 1571 Iulio

572 1630 795 1676 mense
841 1611 1071 1676 diebus
1116 1610 1320 1675 totius
1366 1610 1523 1675 anni
1571 1609 2006 1675 calidissimis.
2097 1610 2191 1675 Ut
2235 1616 2427 1674 erant
2471 1612 2667 1675 rudes
2701 1609 2943 1690 populi,

565 1715 688 1795 -qui
734 1733 1080 1780 causarum
1127 1732 1382 1778 nexum·
1414 1713 1654 1793 ubique
1713 1718 2011 1778 statuere
2071 1714 2445 1795 studebant,
2506 1714 2785 1777 calorem
2845 1712 2942 1776 ni·

570 1818 771 1882 mium
816 1816 926 1898 qui
974 1822 1122 1897 post
1168 1817 1511 1881 caniculae
1558 1823 1771 1880 ortum
1832 1816 2006 1896 ipsos
2066 1817 2377 1896 vexabat,
2439 1821 2709 1896 propter
2767 1815 2943 1880 cani-

564 1922 790 1985 culam
838 1920 1140 1984 accidere
1185 1921 1520 1998 putabant
1565 1923 1633 1983 et
1663 1923 1918 1982 aestum
1964 1919 2202 1983 adduci
2250 1938 2289 1982 a
2322 1918 2516 1982 stella
2547 1919 2667 1983 illa
2715 1917 2942 1983 existi·

576 2024 867 2088 mabant.
956 2020 1155 2086 Cuius
1217 2020 1316 2084 rei
1377 2020 1751 2085 testimonio
1821 2025 1977 2084 sunt
2038 2020 2235 2086 etiam
2300 2019 2616 2101 epitheta,
2678 2039 2842 2100 quae
2903 2040 2944 2085 a

572 2125 788 2206 poetis
825 2124 1138 2190 Romanis
1171 2122 1343 2188 Sirio
1376 2128 1712 2202 tamquam
1744 2123 1984 2188 caloris
2023 2123 2278 2188 auctori
2311 2123 2712 2189 tribuuntur.
2773 2124 2945 2188 Non-

577 2228 761 2292 nulla
822 2228 1063 2292 afferre
1121 2226 1338 2291 liceat.
1364 2225 1412 2310 1)
1460 2226 1672 2291 Sirius
1734 2227 2142 2307 appellatur:
2205 2247 2400 2292 acer
2461 2228 2635 2291 Man.
2681 2226 2740 2290 V
2787 2226 2942 2305 2073

570 2330 792 2395 Valer.
840 2331 1056 2395 Flacc.
1105 2330 1202 2394 VI
1247 2329 1390 2394 607.
1480 2328 1890 2394 aestifer:
1938 2329 2083 2394 Seu.
2132 2330 2285 2395 Oed.
2330 2332 2445 2410 393
2484 2329 2635 2393 Rut.
2683 2329 2862 2393 Nam.
2911 2329 2945 2393 I

566 2435 701 2499 638
762 2433 977 2517 (PLM
1023 2434 1082 2496 V
1127 2452 1275 2514 pag.
1321 2432 1447 2516 27).
1539 2432 1973 2497 aestifero
2028 2438 2219 2497 ortu
2282 2434 2476 2496 Mart.
2525 2433 2679 2511 Cap.
2726 2432 2796 2495 Π
2840 2432 2941 2496 98.

567 2535 974 2602 aestivus
1037 2535 1179 2601 Tib.
1224 2536 1332 2601 III
1376 2538 1433 2617 5,
1481 2538 1519 2600 2
1561 2536 1644 2602 61.
1735 2535 2134 2602 fervidus
2198 2535 2323 2601 Cic.
2377 2537 2566 2601 Arat.
2615 2535 2754 2600 108.
2801 2535 2945 2599 462.

564 2641 918 2721 'fulgens
992 2640 1191 2704 Mart.
1267 2640 1421 2720 Cap.
1496 2640 1566 2704 Π
1625 2641 1724 2704 98.
1829 2639 2365 2721 ignicomans
2436 2640 2562 2703 Av.
2628 2638 2699 2702 II
2762 2639 2944 2702 1112.

575 2748 941 2823 portans
1000 2742 1411 2806 incendia
1464 2743 1639 2806 Man.
1700 2743 1759 2806 V
1810 2743 1906 2805 17.
1997 2742 2280 2806 siccus
2333 2742 2527 2822 Prop.
2572 2742 2678 2806 ΠΙ
2737 2743 2840 2816 28,
2888 2743 2944 2804 4.

573 2844 1096 2909 siticulosus
1172 2843 1392 2924 Priap.
1439 2845 1540 2924 63,
1588 2845 1642 2907 2.
1755 2842 2076 2908 81116118
2153 2843 2267 2908 Ov.
2330 2845 2472 2907 Art.
2520 2863 2640 2908 am.
2687 2844 2756 2908 Π
2802 2846 2945 2909 231.

575 2951 918 3011 torrens
965 2951 1033 3010 61
1078 2945 1566 3011 torrentior
1613 2946 1811 3027 Verg.
1858 2944 2093 3027 Geor-g.
2125 2945 2221 3009 IV
2253 2946 2411 3025 424;
2459 2945 2684 3010 Claud.
2717 2946 2821 3010 XI
2845 2946 2945 3011 20.

749 3048 874 3113 Vel
906 3048 1137 3113 omisso
1183 3047 1442 3113 nomine
1476 3048 1821 3129 appellant
1853 3047 2281 3114 aestivum
2331 3048 2573 3113 sidus
2634 3047 2747 3112 Ov.
2793 3049 2944 3113 Hal.

580 3153 720 3215 117.
811 3151 1179 3216 calidum
1224 3150 1494 3215 sidus:
1541 3151 1684 3216 Tib.
1729 3151 1802 3214 II
1849 3153 1903 3232 1,
1947 3152 2047 3215 47.
2138 3151 2566 3215 rabiosum
2614 3150 2943 3232 signum

570 3253 758 3336 (Hor.
806 3258 927 3318 sat.
973 3254 1008 3317 I
1052 3255 1109 3335 6,
1158 3254 1313 3333 1263
1357 3253 1561 3337 (codd.
1608 3253 1906 3318 nonnulli
1953 3260 2022 3318 61
2066 3253 2429 3336 Porphyr.).

748 3357 1030 3437 Propter
1063 3355 1346 3421 calorem
1392 3356 1667 3420 allatum
1715 3355 1926 3421 Sirius
1955 3358 2245 3421 habetur
2286 3374 2402 3436 pro
2430 3356 2626 3421 stella
2673 3356 2945 3421 1101111111-

566 3460 696 3526 bus
742 3458 978 3524 invisa.
1067 3460 1216 3524 Huc
1268 3466 1607 3540 spectant:
1670 3464 2163 3540 corruptum
2230 3459 2468 3524 sidus
2530 3459 2756 3524 Claud.
2817 3460 2944 3524 XV

571 3562 687 3643 403
731 3562 991 3628 iubar
1049 3581 1313 3643 grave
1361 3562 1717 3628 adversi
1764 3561 2091 3628 sideris
2138 3561 2307 3627 Stat.
2355 3563 2557 3628 Theb.
2607 3563 2739 3627 VII
2788 3562 2942 3642 7103

572 3664 1080 3730 immodicus
1112 3664 2032 3746 Α111611.ΙΙ729;111111811111
2066 3665 2484 3748 agricolis
2516 3665 2756 3730 sidus
2788 3666 2943 3730 Hor.

567 3769 846 3849 sat.17,
893 3768 1006 3848 253
1071 3766 1256 3849 igni
1309 3768 1779 3848 implacido
1826 3769 2134 3834 letalis
2176 3769 2345 3834 Stat.
2392 3768 2549 3834 Silv.
2596 3769 2665 3833 II
2700 3772 2754 3851 1,
2786 3769 2942 3848 2163

576 3869 874 3936 16611118
935 3869 1168 3952 ignis
1228 3872 1397 3937 Stat.
1459 3872 1662 3937 Theb.
1724 3873 1758 3936 I
1803 3874 1961 3953 6343
2022 3873 2355 3938 laevum
2409 3873 2687 3937 lumen
2745 3872 2942 3953 Verg.

574 3972 735 4036 Aen.
780 3972 846 4036 X
889 3974 1031 4038 275.

746 4075 1089 4141 Putabant
1132 4084 1353 4142 autem
1401 4077 1552 4142 huic
1596 4077 1802 4142 sideri
1849 4078 1984 4144 vim
2030 4081 2359 4158 quandam
2404 4079 2620 4144 inesse
2665 4077 2942 4142 nocendi

570 4176 942 4243 hominibus
989 4178 1173 4261 agris
1218 4179 1449 4246 bestiis
1513 4180 1715 4245 nimio
1776 4181 1995 4246 calore
2055 4181 2359 4247 immisso,
2450 4181 2676 4245 Talem
2723 4184 2941 4244 autem

748 4348 786 4417 ¹)
824 4349 1082 4404 Consulto
1119 4349 1275 4404 omisi
1306 4365 1384 4417 ea,
1423 4366 1561 4417 quae
1586 4350 1695 4405 iam
1720 4352 1771 4405 J.
1798 4352 1861 4405 B.
1899 4352 1940 4405 C
1955 4357 2148 4405 arter
2185 4349 2458 4420 congessit
2481 4348 2539 4403 in
2562 4345 2939 4416 supplemento

559 4433 639 4486 611
677 4433 726 4487 R
740 4450 770 4488 0
785 4451 809 4488 s
824 4451 852 4489 c
866 4435 902 4489 h
918 4451 945 4489 e
960 4436 1018 4490 ri
1053 4435 1262 4490 lexicon
1300 4435 1487 4490 addito
1522 4453 1651 4505 pag.
1688 4436 1771 4491 92.
