3576 5085
726 375 851 441 212
1617 369 1922 426 Guilelmus
1958 369 2173 424 sunda
2930 367 3112 457 [120

724 543 894 610 Vide
938 543 1139 610 etiam
1185 542 1352 609 Stat.
1390 541 1629 608 Achill.
1672 542 1708 607 I
1737 542 1865 607 643
1909 542 2051 605 risit
2091 539 2317 605 chorus
2344 542 2545 604 omnis
2572 540 2652 603 ab
2678 539 2804 604 alto
2841 538 2852 626 Ι
2889 547 3109 605 astro-

722 665 887 729 rum,
932 644 1274 710 Claudian.
1318 644 1490 709 XXI
1533 645 1618 710 84
1675 649 1822 708 tunc
1879 644 2219 707 eaesultasse
2273 641 2507 706 choreis
2563 649 2741 706 astra
2788 642 3107 727 serumst)

897 747 1047 813 Hae
1089 747 1388 814 notiones
1432 747 1633 813 eundi
1677 747 1966 814 vehendi
2011 745 2358 827 equitandi
2400 745 2693 811 saltandi
2753 747 2840 811 ad
2882 764 3103 813 unam

722 869 944 917 omnes
983 857 1140 917 tunc
1176 854 1439 917 tantum
1470 849 1935 933 intellegimuS‚
1979 849 2036 915 si
2067 847 2426 914 statuimus
2456 848 2709 914 caelum
2740 849 3104 916 veteribus

722 972 841 1036 pro
885 953 1292 1020 firmamento
1333 952 1558 1036 fuisse,
1616 952 1717 1018 ita
1773 957 1852 1018 ut
1895 959 2231 1033 tamquam
2292 950 2499 1016 firmis
2559 950 2837 1031 pedibus
2898 955 3105 1020 stare

720 1056 1064 1136 potuerint
1121 1056 1375 1123 stellae.
1489 1057 1715 1136 Atque
1770 1055 1936 1121 haec
1994 1054 2355 1135 priscorum
2416 1053 2808 1120 Latinorum
2867 1053 3102 1136 opinio

719 1158 867 1241 fuit,
912 1165 989 1224 ut
1032 1177 1114 1223 ex
1156 1157 1361 1224 Ennii
1409 1158 1626 1224 verbis
1670 1162 1859 1239 patet
1916 1156 2010 1240 (in
2049 1158 2316 1220 altisono
2353 1154 2362 1239 Ι
2402 1157 2554 1221 caeli
2602 1157 2791 1236 clipeo
2832 1162 3108 1239 superat

720 1268 874 1325 temo
925 1260 936 1346 Ι
987 1262 1199 1324 stellas
1261 1260 1516 1324 sublime
1571 1262 1821 1343 aqitans
1877 1260 1957 1325 fr.
2018 1278 2106 1325 sc.
2163 1279 2223 1326 v.
2277 1259 2406 1325 215
2466 1258 2700 1343 Vahl.).
2804 1259 3105 1327 Ovidius

721 1381 977 1444 quoque
1022 1362 1348 1444 expressis
1393 1363 1615 1429 verbis
1660 1362 1832 1427 hanc
1877 1361 2242 1443 opinionem
2288 1361 2590 1428 extit-isse
2650 1366 2940 1428 testatus
2983 1367 3106 1428 est

721 1466 880 1532 Met.
924 1465 959 1530 I
1003 1467 1118 1530 72:

1027 1586 1157 1633 neu
1202 1567 1384 1649 regio
1430 1566 1603 1633 foret
1644 1568 1783 1633 ulla
1828 1567 1965 1634 suis
2001 1567 2448 1634 animantibus
2493 1569 2670 1650 orba,

1027 1674 1214 1737 astra
1260 1675 1494 1736 tenent
1535 1670 1824 1737 caeleste
1871 1670 2076 1736 solum
2122 1669 2500 1751 formaeque
2547 1672 2830 1737 deorum.

719 1773 812 1839 Et
841 1776 918 1839 ut
962 1773 1246 1839 interra
1289 1773 1390 1839 ita
1433 1774 1503 1838 in
1533 1773 1807 1839 caelesti
1836 1774 1970 1840 solo
2015 1772 2166 1839 viae
2213 1778 2382 1854 sunt,
2427 1792 2545 1854 per
2574 1791 2738 1853 quas
2783 1773 2880 1838 sol
2922 1772 3098 1839 luna

720 1879 1071 1956 ceteraque
1113 1876 1334 1941 sidera
1382 1879 1559 1957 eunt,
1605 1895 1665 1941 ν.
1706 1876 1905 1957 Apul.
1952 1877 2034 1941 de
2065 1878 2302 1942 mundo
2346 1895 2487 1956 cap.
2519 1877 2619 1940 22.
2707 1875 2809 1941 De
2853 1877 3093 1942 eadem

715 1973 1224 2059 Babyloniorum
1250 1978 1673 2060 persuasione
1703 1977 2004 2044 conferas
2033 1997 2092 2044 v.
2118 1980 2177 2043 d.
2201 1978 2246 2043 J
2264 1996 2521 2043 ensen
2551 1976 2942 2059 Kosmoloqie
2972 1978 3104 2043 der

718 2080 1092 2161 Babylonier
1134 2100 1284 2163 pag.
1332 2080 1431 2146 10.
1518 2081 1743 2162 Neque
1788 2099 1946 2147 vero
1989 2082 2206 2146 altera
2247 2083 2572 2162 quaedam
2616 2079 2852 2163 opinio,
2913 2099 3092 2161 quae

718 2182 946 2248 multis
989 2182 1246 2263 populis
1288 2183 1665 2248 rudioribus
1711 2183 2065 2249 communis
2108 2182 2254 2265 fuit,
2300 2185 2477 2265 apud
2505 2184 2830 2249 Romanos
2875 2183 3090 2250 ullum

717 2283 1076 2366 vestigium
1106 2283 1393 2365 reliquit,
1438 2285 1742 2350 caelestis
1779 2285 1923 2351 dico
1955 2286 2199 2367 oceani,
2245 2286 2315 2351 in
2347 2304 2474 2366 quo
2519 2286 2761 2352 stellae
2791 2285 3093 2353 navibus

717 2387 1127 2478 vehuntur.²)
1212 2385 1489 2467 Saepius
1535 2392 1754 2452 autem
1815 2406 1958 2453 cum
2002 2387 2237 2455 avibus
2284 2388 2461 2454 infra
2506 2388 2756 2454 caelum
2799 2407 2920 2471 per
2961 2387 3087 2453 im-

717 2506 1007 2554 mensum
1033 2495 1251 2555 aerem
1280 2488 1686 2571 vagantibus
1718 2496 2182 2574 comparantur
2202 2491 2449 2574 sidera3
2480 2491 2665 2557 cuius
2689 2510 2845 2558 usus
2868 2495 3095 2559 testes

715 2590 1053 2657 sufficiant
1096 2591 1410 2658 Manilius
1454 2593 1526 2658 II
1574 2596 1686 2659 18:

1022 2694 1364 2776 omniaque
1406 2696 1719 2763 immenso
1763 2697 2121 2764 volitantia
2166 2697 2415 2763 lumina
2458 2699 2716 2763 mundo.

716 2796 811 2862 Et
854 2798 1104 2863 Seneca
1139 2799 1372 2863 Troad.
1418 2799 1580 2864 387:

1025 2919 1151 2982 quo
1197 2900 1299 2965 bis
1345 2919 1508 2966 sena
1552 2902 1782 2968 volant
1826 2901 2044 2967 sidera
2090 2901 2433 2987 turbine.⁸)

888 3019 1252 3102 Quaeritm·
1287 3019 1442 3101 iam,
1482 3039 1634 3085 num
1665 3021 1868 3103 prisci
1901 3021 2128 3087 Latini
2173 3022 2575 3088 sententiam
2622 3023 2821 3088 ullam
2867 3026 3090 3088 statu-

717 3123 895 3189 erint
940 3124 1022 3188 de
1067 3141 1240 3187 nexu
1284 3122 1625 3205 sanguinis
1683 3124 1863 3190 inter
1919 3125 2210 3207 singulos
2254 3126 2443 3208 ignes
2498 3125 2818 3191 caelestes
2873 3125 3088 3191 inter·

715 3226 1010 3291 cedente.
1119 3224 1306 3307 Quod
1351 3225 1511 3291 mihi
1568 3227 1746 3292 nullo
1806 3230 1993 3293 modo
2053 3228 2489 3294 demonstrari
2548 3247 2739 3310 posse
2793 3228 3090 3296 videtur.

715 3327 908 3394 Licet
947 3326 1066 3393 alii
1111 3329 1336 3409 populi
1381 3330 1667 3413 tradant,
1720 3331 1949 3396 stellas
2006 3331 2200 3396 lunae
2253 3333 2361 3397 vel
2406 3331 2563 3397 solis
2632 3331 2804 3398 filias
2861 3332 3086 3415 esse‚⁴)

892 3496 932 3563 ¹)
969 3498 1015 3550 Τ
1027 3497 1182 3563 ylor
1218 3498 1254 3552 1.
1289 3499 1324 3552 l.
1362 3498 1391 3551 1
1427 3514 1555 3568 pag.
1592 3499 1692 3553 287
1730 3500 1908 3554 tradit
1943 3500 2245 3568 opinionem
2285 3501 2536 3569 gentium
2571 3501 2941 3571 Australium,
2978 3501 3086 3570 qui

715 3580 1051 3636 contendunt
1074 3583 1276 3637 saltare
1295 3581 1508 3638 Orionis
1527 3584 1714 3638 stellas
1733 3584 2083 3640 saltationem
2108 3587 2381 3653 quandam
2398 3586 2709 3641 Korrobori
2729 3587 3078 3656 appellatam.

887 3666 928 3735 ⁸)
981 3667 1066 3721 De
1113 3666 1335 3722 Graecis
1390 3685 1440 3722 v.
1487 3669 1556 3723 H.
1605 3670 1869 3724 Usener
1917 3670 2316 3741 Sintflutsayen
2365 3671 2595 3740 passim,
2658 3672 2723 3726 de
2784 3662 3084 3741 Aegyptiis

715 3755 780 3807 A.
839 3751 1293 3808 Wiedemann
1340 3753 1601 3822 Religion
1646 3754 1742 3808 der
1792 3756 1943 3810 alten
2000 3744 2247 3826 il'yypter
2303 3773 2430 3826 pag.
2483 3757 2576 3827 13,
2630 3758 2786 3813 Boll
2839 3757 3084 3826 Sphaera

713 3853 841 3907 pag.
891 3837 1018 3906 1693
1067 3854 1166 3893 nec
1210 3855 1319 3894 non
1366 3840 1546 3895 defuit
1578 3842 1678 3895 hoc
1714 3840 2056 3912 Christiania
2094 3859 2146 3898 v.
2182 3842 2372 3898 Isidor.
2417 3844 2484 3898 de
2520 3849 2635 3898 nat.
2685 3859 2787 3898 rer.
2824 3859 2939 3912 cap.
2979 3842 3084 3912 14;

715 3924 782 3978 de
818 3923 941 3977 aliis
977 3925 1191 3992 populis
1225 3925 1728 3980 Schwartzium
1763 3927 1799 3980 l.
1827 3944 1871 3980 c.
1907 3943 2034 3996 pag.
2064 3927 2254 3995 lOsqq.

889 4009 932 4077 ³)
967 4009 1226 4064 Conferas
1261 4011 1574 4066 Luciferum
1611 4012 1881 4081 aligerum
1916 4028 2084 4080 supra
2117 4030 2245 4082 pag.
2282 4013 2366 4069 29.

886 4094 932 4163 ⁴)
968 4095 1181 4162 Tylor
1225 4096 1260 4149 1.
1297 4096 1333 4150 l.
1371 4097 1400 4150 I
1435 4097 1554 4162 350,
1601 4097 1991 4153 Frobenius
2040 4097 2129 4153 dic
2173 4098 2672 4169 Weltanschauuny
2724 4099 2819 4155 der
2863 4099 3112 4156 Natum*

708 4179 892 4235 v6lker
924 4196 1052 4249 pag.
1089 4180 1206 4250 286,
1240 4181 1319 4236 Ε.
1356 4182 1587 4250 Meyer
1633 4182 1694 4236 in
1741 4183 2183 4240 adnotationibus
2231 4186 2301 4240 ad
2337 4185 2588 4240 Grimmii
2636 4188 2672 4241 l.
2708 4187 2743 4241 l.
2791 4203 2920 4256 pag.
2955 4186 3076 4254 204,

714 4265 871 4321 cuius
917 4271 1246 4335 argumenta
1292 4268 1569 4337 adaugere
1616 4267 1750 4322 mihi
1803 4269 1968 4325 liceat
2012 4269 2275 4326 nostratis
2323 4278 2515 4340 poetae
2563 4272 2616 4326 H
2631 4273 2783 4328 ebel
2829 4271 3080 4328 versibus

713 4351 860 4406 hisce
892 4352 958 4406 de
993 4352 1221 4407 lucifero
1246 4353 1434 4408 dictis:
