3576 5085
789 409 919 475 236
1697 408 2002 464 Guilelmus
2038 409 2253 464 Gundel
3004 409 3168 498 [144

791 582 1178 664 superstitio
1209 581 1622 647 nostratibus
1662 583 1769 648 vel
1798 581 1993 648 hodie
2034 585 2196 647 nota
2239 581 2550 648 Romanis
2582 600 2839 664 quoque
2883 593 3170 667 accepta

790 684 937 751 fuit.
1024 685 1409 768 Astrologos
1468 689 1734 750 secutus
1774 684 2086 750 Manilius
2131 691 2492 767 enumerat,
2550 704 3000 768 quaecumque
3042 708 3168 770 per

793 787 1100 853 crinitam
1145 788 1406 854 stellam
1453 789 1958 870 portendantur,
2005 787 2039 852 I
2082 787 2209 852 892
2225 805 2397 868 sqq.:

1102 907 1297 973 Talia
1342 905 1724 990 significant
1770 906 2065 972 lucentes
2109 925 2310 988 saepe
2355 913 2679 974 cometae:

1099 1010 1337 1076 funera
1382 1030 1527 1077 cum
1572 1009 1832 1076 facibus
1853 1010 1905 1093 ¹)
1949 1010 2229 1076 veniunt
2272 1011 2604 1092 terrisque
2648 1012 2986 1079 minantur

1103 1113 1398 1179 ardentis
1441 1113 1585 1180 sine
1626 1113 1757 1179 fine
1803 1131 2013 1194 agros
2059 1131 2204 1177 cum
2247 1115 2528 1178 mundus
2574 1118 2644 1179 et
2688 1114 2834 1195 ipsa

1100 1220 1404 1298 aegrotet
1446 1219 1692 1282 natura
1735 1234 1925 1281 81111111
1971 1214 2211 1281 sortita
2253 1217 2643 1296 sepulcrum.

1101 1318 1260 1398 quin
1304 1323 1375 1383 et
1416 1318 1595 1383 bella
1641 1323 1890 1383 canunt
1933 1317 2120 1397 ignes
2163 1318 2550 1398 subitosque
2595 1321 2936 1404 1111111111118,

1103 1424 1173 1485 et
1220 1419 1650 1486 clandestinis
1696 1407 2038 1502 surgentia
2082 1419 2431 1485 fraudibus
2478 1440 2679 1487 arma.

793 1557 980 1622 Haec
1019 1575 1149 1622 non
1194 1557 1401 1623 solum
1447 1558 1924 1639 astrologorum
1953 1557 2286 1640 sapientia
2332 1563 2451 1640 est,
2499 1560 2616 1624 sed
2661 1578 2702 1625 a
2747 1561 2986 1642 populo
3029 1560 3159 1628 Ro-

791 1678 983 1726 mano
1028 1659 1277 1726 similes
1323 1660 1657 1742 opiniones
1717 1662 1799 1726 de
1845 1667 2241 1727 comet-arum
2302 1661 2722 1743 apparitione
2767 1663 2946 1729 latas
3015 1683 3159 1730 esse

792 1762 960 1829 satis
1002 1763 1228 1829 multis
1273 1763 1667 1830 testimoniis
1712 1765 2216 1830 demonstratur.
2311 1763 2622 1845 Inprimis
2664 1765 2826 1830 belli
2871 1773 3160 1833 terrores

791 1865 1190 1932 nuntiantur
1236 1885 1278 1931 a
1323 1866 1594 1948 crinitiS,
1640 1886 1702 1933 v,
1747 1867 1879 1932 Cic.
1924 1868 2005 1932 de
2045 1867 2172 1933 div.
2218 1867 2253 1931 Ι
2284 1867 2384 1950 23,
2429 1868 2508 1932 de
2553 1872 2689 1933 nat.
2732 1870 2910 1933 deor.
2941 1869 3013 1935 11
3044 1871 3155 1950 143

792 1969 938 2035 Tib.
982 1969 1053 2034 II
1095 1971 1153 2053 5,
1202 1971 1314 2050 71;
1361 1970 1586 2036 Octav.
1634 1970 1777 2035 236.
1878 1969 2067 2035 Bella
2118 1971 2610 2050 subsequuntur
2669 1973 2739 2035 et
2799 1971 3158 2037 domestica

791 2075 861 2137 et
897 2075 1191 2154 externa,
1237 2090 1491 2152 semper
1521 2089 1677 2138 vero
1707 2071 1949 2137 fatalia
1977 2070 2366 2155 hominibuS,
2411 2071 2648 2152 quibus
2678 2074 2956 2138 elucent.
3047 2073 3156 2140 Sic

789 2174 1215 2240 indicabatur
1259 2174 1477 2241 Persis
1535 2175 1758 2240 clades
1818 2176 1993 2257 apud
2037 2173 2376 2240 Salamina
2433 2178 2708 2255 accepta
2767 2175 2960 2258 (Plin.
3007 2176 3157 2242 Nat.

790 2278 942 2343 hist.
973 2277 1044 2342 H
1074 2277 1201 2361 90).
1284 2275 1599 2343 Romanis
1643 2276 1809 2358 ipsis
1840 2278 2314 2357 praedicebant
2343 2282 2637 2343 cometae
2681 2296 2958 2360 magnas
3001 2278 3155 2345 illas

793 2378 1209 2445 calamitates
1287 2379 1473 2444 civili
1539 2383 1715 2445 motu
1786 2378 2061 2445 Octavio
2137 2379 2398 2445 consule
2466 2381 2787 2446 adductas
2853 2379 3008 2461 (Cic.
3074 2382 3155 2446 de

791 2487 927 2549 nat.
960 2483 1132 2548 deor.
1174 2481 1246 2547 ΙΙ
1278 2482 1402 2567 14),
1464 2481 1790 2549 Catilinae
1836 2481 2348 2549 coniurationem
2395 2481 2550 2567 (Cic.
2595 2483 2677 2548 de
2724 2501 2894 2549 cons,
2939 2483 3010 2549 II
3056 2484 3155 2567 15,

790 2586 966 2652 FPR
1010 2603 1164 2668 pag.
1207 2586 1379 2670 299),
1436 2585 1706 2668 Pompei
1765 2590 1831 2651 et
1880 2586 2186 2652 Caesaris
2247 2586 2490 2652 bellum
2553 2585 2747 2669 (Plin.
2791 2587 2945 2653 Nat.
3002 2587 3155 2652 hist.

790 2689 863 2754 II
908 2689 1034 2774 92),
1086 2688 1326 2754 fatalia
1372 2708 1556 2755 arma
1603 2688 1830 2755 civilia
1888 2694 2038 2771 post
2083 2688 2388 2754 Caesaris
2446 2693 2719 2755 mortem
2779 2688 2985 2772 (Calp.
3029 2688 3155 2754 Sic.

791 2794 827 2858 I
857 2794 959 2876 82,
989 2792 1164 2858 Ρ1111.
1195 2790 1376 2857 Caes,
1408 2792 1639 2858 LXIX
1667 2792 1753 2878 3),
1798 2792 1999 2858 trium
2028 2791 2350 2874 legionem
2395 2791 2751 2872 perniciem
2783 2792 2963 2858 Varo
2993 2794 3156 2858 duce

792 2895 993 2979 (Man.
1017 2896 1053 2960 I
1075 2894 1245 2978 899),
1268 2912 1534 2962 saevum
1559 2894 1997 2977 principatum
2025 2893 2303 2959 Neronis
2328 2892 2520 2977 (Plin.
2538 2894 2689 2958 Nat.
2706 2893 2858 2959 hist.
2875 2894 2947 2959 ΙΙ
2968 2894 3156 2979 92).2)

962 2998 1322 3063 Praeterea
1366 3003 1587 3062 autem
1632 2997 1930 3079 vulgaris
1970 2996 2188 3077 opinio
2252 3001 2355 3062 est
2401 3000 2713 3062 cometem
2771 2996 2920 3079 regi
2976 2997 3156 3063 ferre

966 3201 1005 3269 1)
1042 3201 1163 3255 Fax
1197 3199 1448 3255 caelestis
1482 3200 1626 3254 faces
1662 3205 1921 3255 terrestes
1950 3199 2319 3269 praenuntiat,
2357 3205 2576 3268 praeter
2612 3201 2968 3269 sepulcralem
3003 3202 3157 3256 belli-

790 3303 910 3340 cam
946 3292 1005 3342 et
1040 3286 1367 3353 seditiosam,
1405 3302 1544 3353 quae
1579 3285 1832 3340 incendia
1865 3290 2135 3353 provocet.
2205 3286 2374 3339 Deest
2407 3301 2520 3340 una
2554 3286 2705 3340 laeta
2737 3286 2834 3340 fax
2868 3287 3154 3355 nuptialis.

966 3373 1007 3442 ²)
1044 3374 1120 3428 Et
1155 3371 1280 3426 aliis
1326 3371 1586 3440 gentibus
1636 3376 1900 3425 cometam
1949 3386 2214 3425 summam
2261 3371 2554 3439 perniciem
2603 3371 2861 3427 attulisse
2906 3372 3155 3427 tradunt.

791 3458 1066 3526 Imprimis
1114 3458 1345 3512 Iudaeos
1391 3472 1824 3523 commemorem,
1872 3472 2099 3523 quorum
2146 3456 2331 3525 gentis
2377 3462 2434 3511 et
2468 3456 2630 3526 regni
2674 3456 2937 3524 urbisque
2983 3456 3155 3525 ipsius

793 3542 1114 3598 vastitatem
1149 3543 1392 3597 futuram
1417 3548 1652 3596 cometes
1677 3541 2053 3609 denuntiabat,
2079 3558 2130 3596 v.
2157 3542 2262 3595 Ios.
2299 3542 2367 3596 de
2393 3540 2514 3596 bell.
2539 3542 2651 3605 iud,
2677 3543 2759 3597 VI
2783 3544 2815 3610 ξ
2842 3542 2945 3596 289
2957 3558 3035 3609 sq.
3060 3541 3156 3610 N.;

793 3628 1034 3682 Zonaras
1080 3628 1161 3682 VI
1207 3628 1290 3697 24,
1339 3627 1517 3680 302Β.
1599 3628 1678 3681 Α1
1724 3626 1912 3694 viguit
1958 3628 2164 3697 eadem,
2192 3627 2513 3694 superstitio
2558 3644 2655 3696 per
2690 3627 2872 3682 omnia
2919 3628 3154 3683 saecula.

793 3712 881 3766 Sic
904 3712 1078 3768 tradit
1102 3713 1254 3768 Beda
1287 3712 1414 3767 hist.
1447 3712 1632 3766 eccles.
1658 3716 1810 3781 gent.
1836 3711 2002 3780 Angl.
2028 3712 2079 3766 V
2104 3711 2172 3765 23
2198 3728 2337 3767 anno
2374 3712 2862 3782 septingentesimo
2899 3712 3157 3767 vicesimo

782 3813 933 3852 nono
970 3798 1286 3866 apparuisse
1333 3799 1467 3852 duos
1514 3803 1752 3853 cometas
1800 3797 1944 3851 circa
1990 3797 2157 3852 solem
2205 3797 2508 3852 indicantes
2556 3797 2940 3867 gravissimam
2971 3797 3157 3852 Sarra-

794 3899 1046 3939 cenorum
1104 3884 1248 3939 luem
1309 3889 1365 3940 et
1423 3883 1675 3938 miseram
1735 3882 2036 3937 Galliarum
2095 3882 2317 3937 cladem.
2389 3884 2640 3938 Cometas
2693 3898 2822 3938 vero
2871 3882 2967 3951 qui
3014 3899 3157 3937 anno

793 3969 1139 4024 MDCXVIII
1184 3969 1654 4038 conspiciebantur
1689 3969 1910 4024 1111111108
1957 3968 2147 4037 magni
2192 3968 2322 4023 belli
2368 3984 2484 4024 esse
2517 3968 2870 4036 interpretati
2905 3973 3037 4023 sunt
3071 3972 3158 4022 tot

790 4055 1099 4123 scriptores,
1135 4060 1217 4109 ut.
1234 4055 1458 4110 taedeat
1492 4070 1662 4109 unum
1700 4053 1910 4109 afferre.
1981 4054 2085 4109 Sed
2115 4060 2173 4110 et
2197 4054 2363 4108 ceteri
2386 4060 2642 4123 cometae,
2680 4053 2775 4122 qui
2810 4054 3024 4109 saeculo
3060 4052 3157 4106 illo

791 4141 1050 4195 lucebant
1080 4140 1243 4216 ⁴bella
1293 4140 1667 4209 protulerunt,
1732 4139 1921 4208 itaque
1980 4139 2187 4209 singuli
2233 4139 2582 4208 appellantur
2634 4140 2702 4194 ab
2755 4140 2821 4194 E.
2874 4138 3154 4208 Weigel

793 4225 1302 4296 (Himmels-Zciqer
1316 4270 1329 4295 ,
1382 4227 1420 4282 J
1421 4227 1562 4281 ehna
1604 4224 1754 4294 1681,
1803 4225 2057 4295 praefat.)
2104 4225 2166 4280 N
2165 4224 2440 4280 ordischer
2483 4225 2914 4295 Kricys-Komet
2959 4222 3154 4293 (1652),

780 4310 1449 4381 -Tmcken-Krieyskomet
1480 4311 1673 4381 (1661),
1712 4309 1801 4365 dic
1825 4310 2393 4381 Sec-Krieyskometen
2418 4310 2574 4380 (1664
2599 4316 2657 4366 et
2681 4310 2853 4380 1665),
2891 4309 3156 4364 Frantze-

788 4397 992 4468 Krieys
1029 4398 1216 4452 (lomet
1247 4397 1441 4467 (1672).
