<?xml version="1.0" encoding="UTF-8"?>
<!DOCTYPE html PUBLIC "-//W3C//DTD XHTML 1.0 Transitional//EN"
    "http://www.w3.org/TR/xhtml1/DTD/xhtml1-transitional.dtd">
<html xmlns="http://www.w3.org/1999/xhtml" xml:lang="en" lang="en">
 <head>
  <title>
</title>
<meta http-equiv="Content-Type" content="text/html;charset=utf-8" />
  <meta name='ocr-system' content='tesseract 3.04.00' />
  <meta name='ocr-capabilities' content='ocr_page ocr_carea ocr_par ocr_line ocrx_word'/>
</head>
<body>
  <div class='ocr_page' id='page_1' title='image "./destellarumappe01gundgoog_0114.png"; bbox 0 0 3576 5085; ppageno 0'>
   <div class='ocr_carea' id='block_1_1' title="bbox 688 382 3052 466">
    <p class='ocr_par' dir='ltr' id='par_1_1' title="bbox 688 382 3052 466">
     <span class='ocr_line' id='line_1_1' title="bbox 688 382 3052 466; baseline 0.001 -30"><span class='ocrx_word' id='word_1_1' title='bbox 688 386 815 451; x_wconf 85' lang='lat'>198</span> <span class='ocrx_word' id='word_1_2' title='bbox 1585 382 1888 437; x_wconf 82' lang='lat' dir='ltr'><strong>Guilelmus</strong></span> <span class='ocrx_word' id='word_1_3' title='bbox 1924 382 2138 437; x_wconf 88' lang='lat' dir='ltr'>Gundel</span> <span class='ocrx_word' id='word_1_4' title='bbox 2898 386 3052 466; x_wconf 83' lang='lat'>[106</span> 
     </span>
    </p>
   </div>
   <div class='ocr_carea' id='block_1_2' title="bbox 681 554 3054 1151">
    <p class='ocr_par' dir='ltr' id='par_1_2' title="bbox 681 554 3054 1151">
     <span class='ocr_line' id='line_1_2' title="bbox 681 554 3051 636; baseline 0 -14"><span class='ocrx_word' id='word_1_5' title='bbox 681 560 923 622; x_wconf 89' lang='lat' dir='ltr'>testem</span> <span class='ocrx_word' id='word_1_6' title='bbox 957 554 1372 621; x_wconf 83' lang='lat' dir='ltr'>Columellam</span> <span class='ocrx_word' id='word_1_7' title='bbox 1413 573 1615 636; x_wconf 90' lang='lat' dir='ltr'>supra</span> <span class='ocrx_word' id='word_1_8' title='bbox 1658 574 1718 636; x_wconf 90' lang='lat' dir='ltr'>p.</span> <span class='ocrx_word' id='word_1_9' title='bbox 1759 555 1881 620; x_wconf 88' lang='lat'>101</span> <span class='ocrx_word' id='word_1_10' title='bbox 1929 554 2291 620; x_wconf 76' lang='lat' dir='ltr'>attulimus.</span> <span class='ocrx_word' id='word_1_11' title='bbox 2380 554 2500 619; x_wconf 86' lang='lat' dir='ltr'>Cui</span> <span class='ocrx_word' id='word_1_12' title='bbox 2547 555 2896 621; x_wconf 80' lang='lat' dir='ltr'><strong>constabat</strong></span> <span class='ocrx_word' id='word_1_13' title='bbox 2941 575 3051 622; x_wconf 91' lang='lat' dir='ltr'>su-</span> 
     </span>
     <span class='ocr_line' id='line_1_3' title="bbox 684 656 3052 739; baseline -0 -14"><span class='ocrx_word' id='word_1_14' title='bbox 684 658 976 725; x_wconf 82' lang='lat' dir='ltr'>cularum</span> <span class='ocrx_word' id='word_1_15' title='bbox 1021 656 1470 739; x_wconf 77' lang='lat' dir='ltr'>apparitiones</span> <span class='ocrx_word' id='word_1_16' title='bbox 1527 657 1735 723; x_wconf 91' lang='lat' dir='ltr'>citare</span> <span class='ocrx_word' id='word_1_17' title='bbox 1797 662 2250 739; x_wconf 85' lang='lat' dir='ltr'>tempestates,</span> <span class='ocrx_word' id='word_1_18' title='bbox 2297 658 2468 738; x_wconf 87' lang='lat' dir='ltr'>quod</span> <span class='ocrx_word' id='word_1_19' title='bbox 2520 656 2844 738; x_wconf 83' lang='lat' dir='ltr'>imprimis</span> <span class='ocrx_word' id='word_1_20' title='bbox 2909 664 3052 724; x_wconf 91' lang='lat' dir='ltr'>tum</span> 
     </span>
     <span class='ocr_line' id='line_1_4' title="bbox 684 759 3051 843; baseline 0 -16"><span class='ocrx_word' id='word_1_21' title='bbox 684 759 933 827; x_wconf 87' lang='lat' dir='ltr'>factum</span> <span class='ocrx_word' id='word_1_22' title='bbox 979 778 1126 825; x_wconf 90' lang='lat' dir='ltr'>esse</span> <span class='ocrx_word' id='word_1_23' title='bbox 1185 779 1307 841; x_wconf 90' lang='lat' dir='ltr'>per</span> <span class='ocrx_word' id='word_1_24' title='bbox 1358 778 1427 825; x_wconf 89' lang='lat' dir='ltr'>se</span> <span class='ocrx_word' id='word_1_25' title='bbox 1486 764 1692 843; x_wconf 86' lang='lat' dir='ltr'>patet,</span> <span class='ocrx_word' id='word_1_26' title='bbox 1748 778 1893 825; x_wconf 92' lang='lat' dir='ltr'>cum</span> <span class='ocrx_word' id='word_1_27' title='bbox 1953 778 2175 826; x_wconf 84' lang='lat' dir='ltr'>mense</span> <span class='ocrx_word' id='word_1_28' title='bbox 2224 759 2572 825; x_wconf 90' lang='lat' dir='ltr'>Decembri</span> <span class='ocrx_word' id='word_1_29' title='bbox 2633 779 2826 826; x_wconf 91' lang='lat' dir='ltr'>mane</span> <span class='ocrx_word' id='word_1_30' title='bbox 2883 761 3051 827; x_wconf 92' lang='lat' dir='ltr'>occi-</span> 
     </span>
     <span class='ocr_line' id='line_1_5' title="bbox 684 861 3051 945; baseline 0 -16"><span class='ocrx_word' id='word_1_31' title='bbox 684 866 935 930; x_wconf 91' lang='lat' dir='ltr'>derent.</span> <span class='ocrx_word' id='word_1_32' title='bbox 1039 864 1228 930; x_wconf 84' lang='lat' dir='ltr'>Unde</span> <span class='ocrx_word' id='word_1_33' title='bbox 1291 862 1545 945; x_wconf 89' lang='lat' dir='ltr'>evenit,</span> <span class='ocrx_word' id='word_1_34' title='bbox 1605 866 1683 927; x_wconf 90' lang='lat' dir='ltr'>ut</span> <span class='ocrx_word' id='word_1_35' title='bbox 1741 862 1999 927; x_wconf 91' lang='lat' dir='ltr'>omnino</span> <span class='ocrx_word' id='word_1_36' title='bbox 2059 862 2336 945; x_wconf 83' lang='lat' dir='ltr'>Hyadas</span> <span class='ocrx_word' id='word_1_37' title='bbox 2394 861 2692 943; x_wconf 89' lang='lat' dir='ltr'>pluvium</span> <span class='ocrx_word' id='word_1_38' title='bbox 2757 863 3051 929; x_wconf 83' lang='lat' dir='ltr'>excitare</span> 
     </span>
     <span class='ocr_line' id='line_1_6' title="bbox 685 964 3053 1051; baseline 0 -20"><span class='ocrx_word' id='word_1_39' title='bbox 685 965 1081 1051; x_wconf 84' lang='lat' dir='ltr'>putarent‚¹)</span> <span class='ocrx_word' id='word_1_40' title='bbox 1127 971 1203 1031; x_wconf 92' lang='lat' dir='ltr'>ut</span> <span class='ocrx_word' id='word_1_41' title='bbox 1233 985 1295 1033; x_wconf 90' lang='lat' dir='ltr'>v.</span> <span class='ocrx_word' id='word_1_42' title='bbox 1339 985 1391 1031; x_wconf 92' lang='lat' dir='ltr'>c.</span> <span class='ocrx_word' id='word_1_43' title='bbox 1438 965 1694 1031; x_wconf 90' lang='lat' dir='ltr'>Plinius</span> <span class='ocrx_word' id='word_1_44' title='bbox 1743 967 1895 1030; x_wconf 90' lang='lat' dir='ltr'>Nat.</span> <span class='ocrx_word' id='word_1_45' title='bbox 1938 964 2114 1030; x_wconf 90' lang='lat' dir='ltr'>Hist.</span> <span class='ocrx_word' id='word_1_46' title='bbox 2143 965 2214 1029; x_wconf 92' lang='lat' dir='ltr'>II</span> <span class='ocrx_word' id='word_1_47' title='bbox 2246 966 2370 1030; x_wconf 88' lang='grc'>106</span> <span class='ocrx_word' id='word_1_48' title='bbox 2415 968 2649 1031; x_wconf 90' lang='lat' dir='ltr'>ventos</span> <span class='ocrx_word' id='word_1_49' title='bbox 2696 971 2765 1031; x_wconf 84' lang='lat' dir='ltr'>et</span> <span class='ocrx_word' id='word_1_50' title='bbox 2808 964 3053 1032; x_wconf 84' lang='lat' dir='ltr'>imbres</span> 
     </span>
     <span class='ocr_line' id='line_1_7' title="bbox 684 1067 3054 1151; baseline -0 -17"><span class='ocrx_word' id='word_1_51' title='bbox 684 1069 965 1135; x_wconf 83' lang='lat' dir='ltr'>excitari</span> <span class='ocrx_word' id='word_1_52' title='bbox 1003 1067 1187 1151; x_wconf 84' lang='lat' dir='ltr'>dixit,</span> <span class='ocrx_word' id='word_1_53' title='bbox 1219 1069 1389 1150; x_wconf 88' lang='lat' dir='ltr'>quod</span> <span class='ocrx_word' id='word_1_54' title='bbox 1417 1070 1489 1132; x_wconf 80' lang='lat' dir='ltr'>in</span> <span class='ocrx_word' id='word_1_55' title='bbox 1517 1068 1753 1132; x_wconf 65' lang='lat' dir='ltr'>maculis</span> <span class='ocrx_word' id='word_1_56' title='bbox 1781 1069 2078 1131; x_wconf 78' lang='lat' dir='ltr'>sentimus</span> <span class='ocrx_word' id='word_1_57' title='bbox 2118 1067 2407 1149; x_wconf 82' lang='lat' dir='ltr'>accidere,</span> <span class='ocrx_word' id='word_1_58' title='bbox 2437 1087 2597 1151; x_wconf 80' lang='lat' dir='ltr'>quas</span> <span class='ocrx_word' id='word_1_59' title='bbox 2631 1067 2856 1132; x_wconf 79' lang='lat' dir='ltr'>Graeci</span> <span class='ocrx_word' id='word_1_60' title='bbox 2884 1068 2955 1132; x_wconf 85' lang='lat' dir='ltr'>ob</span> <span class='ocrx_word' id='word_1_61' title='bbox 2980 1068 3054 1133; x_wconf 75' lang='lat' dir='ltr'>id</span> 
     </span>
    </p>
   </div>
   <div class='ocr_carea' id='block_1_3' title="bbox 675 1168 3050 1353">
    <p class='ocr_par' dir='ltr' id='par_1_3' title="bbox 675 1168 3050 1353">
     <span class='ocr_line' id='line_1_8' title="bbox 675 1168 3050 1254; baseline 0 -18"><span class='ocrx_word' id='word_1_62' title='bbox 675 1172 888 1253; x_wconf 78' lang='lat' dir='ltr'>pluvio</span> <span class='ocrx_word' id='word_1_63' title='bbox 917 1173 1162 1235; x_wconf 77' lang='lat' dir='ltr'>nomine</span> <span class='ocrx_word' id='word_1_64' title='bbox 1190 1171 1519 1254; x_wconf 78' lang='lat' dir='ltr'>appellant.</span> <span class='ocrx_word' id='word_1_65' title='bbox 1592 1171 1734 1235; x_wconf 92' lang='lat' dir='ltr'>Hoc</span> <span class='ocrx_word' id='word_1_66' title='bbox 1763 1168 2115 1251; x_wconf 82' lang='lat' dir='ltr'>praecipue</span> <span class='ocrx_word' id='word_1_67' title='bbox 2146 1174 2383 1251; x_wconf 89' lang='lat' dir='ltr'>poetae</span> <span class='ocrx_word' id='word_1_68' title='bbox 2414 1170 2748 1251; x_wconf 90' lang='lat' dir='ltr'>arripiunt</span> <span class='ocrx_word' id='word_1_69' title='bbox 2777 1189 3050 1252; x_wconf 90' lang='lat' dir='ltr'>quorum</span> 
     </span>
     <span class='ocr_line' id='line_1_9' title="bbox 686 1273 1719 1353; baseline -0.002 -13"><span class='ocrx_word' id='word_1_70' title='bbox 686 1274 786 1340; x_wconf 88' lang='lat' dir='ltr'>ait</span> <span class='ocrx_word' id='word_1_71' title='bbox 833 1273 1108 1342; x_wconf 92' lang='lat' dir='ltr'>Ovidius</span> <span class='ocrx_word' id='word_1_72' title='bbox 1153 1273 1334 1338; x_wconf 86' lang='lat' dir='ltr'>Fast.</span> <span class='ocrx_word' id='word_1_73' title='bbox 1380 1274 1477 1339; x_wconf 92' lang='lat' dir='ltr'>VI</span> <span class='ocrx_word' id='word_1_74' title='bbox 1525 1274 1679 1339; x_wconf 80' lang='lat'>197:</span> <span class='ocrx_word' id='word_1_75' title='bbox 1705 1340 1719 1353; x_wconf 69' lang='grc'>,</span> 
     </span>
    </p>
   </div>
   <div class='ocr_carea' id='block_1_4' title="bbox 987 1390 2804 1578">
    <p class='ocr_par' dir='ltr' id='par_1_4' title="bbox 987 1390 2804 1578">
     <span class='ocr_line' id='line_1_10' title="bbox 987 1390 2804 1475; baseline -0.001 -16"><span class='ocrx_word' id='word_1_76' title='bbox 987 1394 1271 1459; x_wconf 89' lang='lat' dir='ltr'>Postera</span> <span class='ocrx_word' id='word_1_77' title='bbox 1314 1394 1432 1458; x_wconf 83' lang='lat' dir='ltr'>lux</span> <span class='ocrx_word' id='word_1_78' title='bbox 1476 1392 1770 1475; x_wconf 83' lang='lat' dir='ltr'>Hyadas,</span> <span class='ocrx_word' id='word_1_79' title='bbox 1819 1391 2153 1458; x_wconf 85' lang='lat' dir='ltr'>Taurinae</span> <span class='ocrx_word' id='word_1_80' title='bbox 2199 1410 2446 1458; x_wconf 89' lang='lat' dir='ltr'>cornua</span> <span class='ocrx_word' id='word_1_81' title='bbox 2488 1390 2804 1474; x_wconf 75' lang='lat' dir='ltr'>frontiS‚²)</span> 
     </span>
     <span class='ocr_line' id='line_1_11' title="bbox 1095 1494 2525 1578; baseline 0 -18"><span class='ocrx_word' id='word_1_82' title='bbox 1095 1499 1329 1561; x_wconf 88' lang='lat' dir='ltr'>evocat</span> <span class='ocrx_word' id='word_1_83' title='bbox 1374 1499 1443 1560; x_wconf 91' lang='lat' dir='ltr'>et</span> <span class='ocrx_word' id='word_1_84' title='bbox 1487 1495 1697 1560; x_wconf 90' lang='lat' dir='ltr'>multa</span> <span class='ocrx_word' id='word_1_85' title='bbox 1739 1499 1925 1560; x_wconf 92' lang='lat' dir='ltr'>terra</span> <span class='ocrx_word' id='word_1_86' title='bbox 1968 1494 2290 1560; x_wconf 81' lang='lat' dir='ltr'>madescit</span> <span class='ocrx_word' id='word_1_87' title='bbox 2333 1514 2525 1578; x_wconf 88' lang='lat' dir='ltr'>aqua,</span> 
     </span>
    </p>
   </div>
   <div class='ocr_carea' id='block_1_5' title="bbox 685 1614 2536 1817">
    <p class='ocr_par' dir='ltr' id='par_1_5' title="bbox 685 1614 2536 1817">
     <span class='ocr_line' id='line_1_12' title="bbox 685 1614 1357 1698; baseline 0 -19"><span class='ocrx_word' id='word_1_88' title='bbox 685 1616 751 1679; x_wconf 89' lang='lat' dir='ltr'>et</span> <span class='ocrx_word' id='word_1_89' title='bbox 796 1614 971 1680; x_wconf 88' lang='lat' dir='ltr'>trist.</span> <span class='ocrx_word' id='word_1_90' title='bbox 1016 1614 1051 1680; x_wconf 99' lang='grc' dir='ltr'>Ι</span> <span class='ocrx_word' id='word_1_91' title='bbox 1096 1615 1195 1698; x_wconf 94' lang='grc'>11,</span> <span class='ocrx_word' id='word_1_92' title='bbox 1244 1616 1357 1680; x_wconf 88' lang='lat'>16:</span> 
     </span>
     <span class='ocr_line' id='line_1_13' title="bbox 990 1734 2536 1817; baseline 0.001 -18"><span class='ocrx_word' id='word_1_93' title='bbox 990 1736 1130 1800; x_wconf 91' lang='lat' dir='ltr'>Aut</span> <span class='ocrx_word' id='word_1_94' title='bbox 1173 1735 1445 1817; x_wconf 86' lang='lat' dir='ltr'>Hyadas</span> <span class='ocrx_word' id='word_1_95' title='bbox 1491 1734 1659 1801; x_wconf 90' lang='lat' dir='ltr'>seris</span> <span class='ocrx_word' id='word_1_96' title='bbox 1696 1735 2015 1801; x_wconf 88' lang='lat' dir='ltr'>hauserat</span> <span class='ocrx_word' id='word_1_97' title='bbox 2060 1739 2287 1801; x_wconf 87' lang='lat' dir='ltr'>auster</span> <span class='ocrx_word' id='word_1_98' title='bbox 2330 1734 2536 1816; x_wconf 87' lang='lat' dir='ltr'>aquis.</span> 
     </span>
    </p>
   </div>
   <div class='ocr_carea' id='block_1_6' title="bbox 678 1854 3055 2557">
    <p class='ocr_par' dir='ltr' id='par_1_6' title="bbox 678 1854 3055 2557">
     <span class='ocr_line' id='line_1_14' title="bbox 850 1854 3052 1939; baseline -0 -18"><span class='ocrx_word' id='word_1_99' title='bbox 850 1855 995 1921; x_wconf 87' lang='lat' dir='ltr'>Hoc</span> <span class='ocrx_word' id='word_1_100' title='bbox 1039 1855 1282 1922; x_wconf 90' lang='lat' dir='ltr'>dicitur</span> <span class='ocrx_word' id='word_1_101' title='bbox 1326 1857 1410 1921; x_wconf 91' lang='lat' dir='ltr'>ad</span> <span class='ocrx_word' id='word_1_102' title='bbox 1453 1855 1624 1921; x_wconf 88' lang='lat' dir='ltr'>diem</span> <span class='ocrx_word' id='word_1_103' title='bbox 1672 1857 1953 1921; x_wconf 88' lang='lat' dir='ltr'>alterum</span> <span class='ocrx_word' id='word_1_104' title='bbox 1998 1856 2178 1922; x_wconf 92' lang='lat' dir='ltr'>Iunii</span> <span class='ocrx_word' id='word_1_105' title='bbox 2220 1854 2483 1939; x_wconf 79' lang='lat' dir='ltr'>mensiS‚</span> <span class='ocrx_word' id='word_1_106' title='bbox 2527 1855 2641 1921; x_wconf 89' lang='lat' dir='ltr'>ubi</span> <span class='ocrx_word' id='word_1_107' title='bbox 2687 1874 2877 1921; x_wconf 92' lang='lat' dir='ltr'>mane</span> <span class='ocrx_word' id='word_1_108' title='bbox 2923 1854 3052 1920; x_wconf 91' lang='lat' dir='ltr'>ori-</span> 
     </span>
     <span class='ocr_line' id='line_1_15' title="bbox 679 1958 3055 2041; baseline 0 -18"><span class='ocrx_word' id='word_1_109' title='bbox 679 1961 883 2023; x_wconf 91' lang='lat' dir='ltr'>untur</span> <span class='ocrx_word' id='word_1_110' title='bbox 927 1958 1212 2025; x_wconf 84' lang='lat' dir='ltr'>suculae.</span> <span class='ocrx_word' id='word_1_111' title='bbox 1300 1959 1444 2024; x_wconf 94' lang='lat' dir='ltr'>Non</span> <span class='ocrx_word' id='word_1_112' title='bbox 1506 1959 1736 2040; x_wconf 90' lang='lat' dir='ltr'>quovis</span> <span class='ocrx_word' id='word_1_113' title='bbox 1781 1977 1951 2024; x_wconf 90' lang='lat' dir='ltr'>anno</span> <span class='ocrx_word' id='word_1_114' title='bbox 1996 1963 2136 2024; x_wconf 88' lang='lat' dir='ltr'>tum</span> <span class='ocrx_word' id='word_1_115' title='bbox 2180 1958 2430 2040; x_wconf 91' lang='lat' dir='ltr'>pluisse</span> <span class='ocrx_word' id='word_1_116' title='bbox 2475 1962 2723 2024; x_wconf 90' lang='lat' dir='ltr'>certum</span> <span class='ocrx_word' id='word_1_117' title='bbox 2771 1961 2889 2041; x_wconf 91' lang='lat' dir='ltr'>est,</span> <span class='ocrx_word' id='word_1_118' title='bbox 2934 1959 3055 2023; x_wconf 91' lang='lat' dir='ltr'>sed</span> 
     </span>
     <span class='ocr_line' id='line_1_16' title="bbox 678 2060 3054 2144; baseline 0 -19"><span class='ocrx_word' id='word_1_119' title='bbox 678 2060 987 2144; x_wconf 90' lang='lat' dir='ltr'>Hyadum</span> <span class='ocrx_word' id='word_1_120' title='bbox 1018 2065 1313 2142; x_wconf 91' lang='lat' dir='ltr'>potestas</span> <span class='ocrx_word' id='word_1_121' title='bbox 1346 2080 1388 2126; x_wconf 88' lang='lat' dir='ltr'>a</span> <span class='ocrx_word' id='word_1_122' title='bbox 1417 2061 1767 2128; x_wconf 89' lang='lat' dir='ltr'>Decembri</span> <span class='ocrx_word' id='word_1_123' title='bbox 1812 2080 2034 2127; x_wconf 92' lang='lat' dir='ltr'>mense</span> <span class='ocrx_word' id='word_1_124' title='bbox 2078 2061 2149 2126; x_wconf 91' lang='lat' dir='ltr'>in</span> <span class='ocrx_word' id='word_1_125' title='bbox 2181 2065 2507 2126; x_wconf 90' lang='lat' dir='ltr'>aestatem</span> <span class='ocrx_word' id='word_1_126' title='bbox 2546 2062 3054 2144; x_wconf 87' lang='lat' dir='ltr'>prorogabatur.</span> 
     </span>
     <span class='ocr_line' id='line_1_17' title="bbox 679 2162 3053 2246; baseline 0 -18"><span class='ocrx_word' id='word_1_127' title='bbox 679 2163 909 2244; x_wconf 89' lang='lat' dir='ltr'>Neque</span> <span class='ocrx_word' id='word_1_128' title='bbox 970 2163 1205 2228; x_wconf 90' lang='lat' dir='ltr'>mirum</span> <span class='ocrx_word' id='word_1_129' title='bbox 1266 2168 1366 2229; x_wconf 91' lang='lat' dir='ltr'>est</span> <span class='ocrx_word' id='word_1_130' title='bbox 1427 2164 1673 2229; x_wconf 84' lang='lat' dir='ltr'>suculis</span> <span class='ocrx_word' id='word_1_131' title='bbox 1730 2164 1993 2246; x_wconf 90' lang='lat' dir='ltr'>saepius</span> <span class='ocrx_word' id='word_1_132' title='bbox 2069 2182 2110 2229; x_wconf 93' lang='lat' dir='ltr'>a</span> <span class='ocrx_word' id='word_1_133' title='bbox 2176 2163 2392 2244; x_wconf 89' lang='lat' dir='ltr'>poetis</span> <span class='ocrx_word' id='word_1_134' title='bbox 2461 2162 2760 2244; x_wconf 87' lang='lat' dir='ltr'>epitheta</span> <span class='ocrx_word' id='word_1_135' title='bbox 2841 2162 3053 2229; x_wconf 90' lang='lat' dir='ltr'>tribui</span> 
     </span>
     <span class='ocr_line' id='line_1_18' title="bbox 678 2265 3050 2350; baseline 0.001 -21"><span class='ocrx_word' id='word_1_136' title='bbox 678 2265 966 2330; x_wconf 88' lang='lat' dir='ltr'>madida.</span> <span class='ocrx_word' id='word_1_137' title='bbox 1053 2265 1342 2332; x_wconf 88' lang='lat' dir='ltr'>Enotavi</span> <span class='ocrx_word' id='word_1_138' title='bbox 1386 2266 1579 2331; x_wconf 88' lang='lat' dir='ltr'>haec:</span> <span class='ocrx_word' id='word_1_139' title='bbox 1624 2267 1911 2329; x_wconf 81' lang='lat' dir='ltr'>inserena</span> <span class='ocrx_word' id='word_1_140' title='bbox 1955 2265 2185 2329; x_wconf 79' lang='lat' dir='ltr'>nimbis</span> <span class='ocrx_word' id='word_1_141' title='bbox 2227 2265 2460 2350; x_wconf 76' lang='lat' dir='ltr'>(Hyas)</span> <span class='ocrx_word' id='word_1_142' title='bbox 2505 2265 2674 2331; x_wconf 86' lang='lat' dir='ltr'>Stat.</span> <span class='ocrx_word' id='word_1_143' title='bbox 2718 2265 2880 2333; x_wconf 85' lang='lat' dir='ltr'>Silv.</span> <span class='ocrx_word' id='word_1_144' title='bbox 2923 2265 2959 2330; x_wconf 97' lang='lat' dir='ltr'><strong>I</strong></span> <span class='ocrx_word' id='word_1_145' title='bbox 2990 2266 3050 2349; x_wconf 84' lang='lat'>6,</span> 
     </span>
     <span class='ocr_line' id='line_1_19' title="bbox 680 2366 3051 2453; baseline 0 -21"><span class='ocrx_word' id='word_1_146' title='bbox 680 2369 795 2448; x_wconf 80' lang='lat'>213</span> <span class='ocrx_word' id='word_1_147' title='bbox 828 2367 1082 2449; x_wconf 78' lang='lat' dir='ltr'>pluviae</span> <span class='ocrx_word' id='word_1_148' title='bbox 1124 2366 1435 2453; x_wconf 74' lang='lat' dir='ltr'>(Hyades)</span> <span class='ocrx_word' id='word_1_149' title='bbox 1482 2367 1679 2449; x_wconf 86' lang='lat' dir='ltr'>Verg.</span> <span class='ocrx_word' id='word_1_150' title='bbox 1724 2369 1888 2433; x_wconf 85' lang='lat' dir='ltr'>Aen.</span> <span class='ocrx_word' id='word_1_151' title='bbox 1919 2369 1954 2433; x_wconf 91' lang='lat' dir='ltr'><strong>I</strong></span> <span class='ocrx_word' id='word_1_152' title='bbox 1985 2368 2128 2451; x_wconf 86' lang='lat'>744,</span> <span class='ocrx_word' id='word_1_153' title='bbox 2168 2368 2275 2433; x_wconf 85' lang='lat' dir='ltr'>HI</span> <span class='ocrx_word' id='word_1_154' title='bbox 2304 2369 2449 2450; x_wconf 86' lang='lat'>516,</span> <span class='ocrx_word' id='word_1_155' title='bbox 2494 2367 2641 2433; x_wconf 84' lang='lat' dir='ltr'>Seu.</span> <span class='ocrx_word' id='word_1_156' title='bbox 2687 2368 2857 2433; x_wconf 84' lang='lat' dir='ltr'>Med.</span> <span class='ocrx_word' id='word_1_157' title='bbox 2888 2369 3051 2448; x_wconf 81' lang='lat'>3123</span> 
     </span>
     <span class='ocr_line' id='line_1_20' title="bbox 678 2470 3049 2557; baseline 0.001 -25"><span class='ocrx_word' id='word_1_158' title='bbox 678 2472 881 2533; x_wconf 78' lang='lat' dir='ltr'>tristes</span> <span class='ocrx_word' id='word_1_159' title='bbox 924 2471 1083 2536; x_wconf 92' lang='lat' dir='ltr'>Hor.</span> <span class='ocrx_word' id='word_1_160' title='bbox 1128 2489 1322 2535; x_wconf 90' lang='lat' dir='ltr'>carm.</span> <span class='ocrx_word' id='word_1_161' title='bbox 1352 2471 1389 2535; x_wconf 94' lang='lat' dir='ltr'><strong>I</strong></span> <span class='ocrx_word' id='word_1_162' title='bbox 1418 2472 1476 2555; x_wconf 88' lang='lat'>3,</span> <span class='ocrx_word' id='word_1_163' title='bbox 1510 2471 1617 2552; x_wconf 79' lang='lat'>143</span> <span class='ocrx_word' id='word_1_164' title='bbox 1665 2470 1825 2534; x_wconf 79' lang='lat' dir='ltr'>udae</span> <span class='ocrx_word' id='word_1_165' title='bbox 1854 2471 2007 2537; x_wconf 88' lang='lat' dir='ltr'>Rut.</span> <span class='ocrx_word' id='word_1_166' title='bbox 2038 2471 2223 2537; x_wconf 86' lang='lat' dir='ltr'>Nam.</span> <span class='ocrx_word' id='word_1_167' title='bbox 2252 2471 2287 2537; x_wconf 99' lang='grc' dir='ltr'>Ι</span> <span class='ocrx_word' id='word_1_168' title='bbox 2318 2472 2444 2537; x_wconf 86' lang='lat'>633</span> <span class='ocrx_word' id='word_1_169' title='bbox 2491 2470 2704 2556; x_wconf 88' lang='lat' dir='ltr'>(PLM</span> <span class='ocrx_word' id='word_1_170' title='bbox 2733 2471 2795 2536; x_wconf 90' lang='lat' dir='ltr'><strong>V</strong></span> <span class='ocrx_word' id='word_1_171' title='bbox 2825 2490 2886 2553; x_wconf 90' lang='lat' dir='ltr'>p.</span> <span class='ocrx_word' id='word_1_172' title='bbox 2920 2471 3049 2557; x_wconf 83' lang='lat'>27).</span> 
     </span>
    </p>
   </div>
   <div class='ocr_carea' id='block_1_7' title="bbox 681 2573 3049 2657">
    <p class='ocr_par' dir='ltr' id='par_1_7' title="bbox 681 2573 3049 2657">
     <span class='ocr_line' id='line_1_21' title="bbox 681 2573 3049 2657; baseline 0 -19"><span class='ocrx_word' id='word_1_173' title='bbox 681 2573 814 2651; x_wconf 88' lang='lat' dir='ltr'>Per</span> <span class='ocrx_word' id='word_1_174' title='bbox 885 2592 955 2639; x_wconf 87' lang='lat' dir='ltr'>se</span> <span class='ocrx_word' id='word_1_175' title='bbox 1015 2579 1204 2655; x_wconf 86' lang='lat' dir='ltr'>patet</span> <span class='ocrx_word' id='word_1_176' title='bbox 1262 2574 1509 2656; x_wconf 86' lang='lat' dir='ltr'>stellas,</span> <span class='ocrx_word' id='word_1_177' title='bbox 1571 2593 1739 2655; x_wconf 90' lang='lat' dir='ltr'>quae</span> <span class='ocrx_word' id='word_1_178' title='bbox 1797 2574 2091 2656; x_wconf 88' lang='lat' dir='ltr'>pluviam</span> <span class='ocrx_word' id='word_1_179' title='bbox 2150 2578 2219 2640; x_wconf 86' lang='lat' dir='ltr'>et</span> <span class='ocrx_word' id='word_1_180' title='bbox 2280 2578 2743 2656; x_wconf 90' lang='lat' dir='ltr'>tempestatem</span> <span class='ocrx_word' id='word_1_181' title='bbox 2803 2573 3049 2657; x_wconf 88' lang='lat' dir='ltr'>ferant,</span> 
     </span>
    </p>
   </div>
   <div class='ocr_carea' id='block_1_8' title="bbox 580 2675 3047 2759">
    <p class='ocr_par' dir='ltr' id='par_1_8' title="bbox 580 2675 3047 2759">
     <span class='ocr_line' id='line_1_22' title="bbox 580 2675 3047 2759; baseline 0.002 -21"><span class='ocrx_word' id='word_1_182' title='bbox 580 2732 586 2737; x_wconf 89' lang='lat'>.</span> <span class='ocrx_word' id='word_1_183' title='bbox 683 2676 908 2742; x_wconf 91' lang='lat' dir='ltr'>nautis</span> <span class='ocrx_word' id='word_1_184' title='bbox 952 2676 1354 2758; x_wconf 88' lang='lat' dir='ltr'>perniciosas</span> <span class='ocrx_word' id='word_1_185' title='bbox 1397 2696 1561 2744; x_wconf 89' lang='lat' dir='ltr'>esse.</span> <span class='ocrx_word' id='word_1_186' title='bbox 1647 2677 1792 2743; x_wconf 93' lang='lat' dir='ltr'>Hoc</span> <span class='ocrx_word' id='word_1_187' title='bbox 1827 2696 2080 2759; x_wconf 80' lang='lat' dir='ltr'>munuS‚</span> <span class='ocrx_word' id='word_1_188' title='bbox 2126 2678 2299 2759; x_wconf 91' lang='lat' dir='ltr'>quod</span> <span class='ocrx_word' id='word_1_189' title='bbox 2345 2696 2487 2742; x_wconf 91' lang='lat' dir='ltr'>cum</span> <span class='ocrx_word' id='word_1_190' title='bbox 2532 2675 2832 2759; x_wconf 85' lang='lat' dir='ltr'>vergiliis</span> <span class='ocrx_word' id='word_1_191' title='bbox 2877 2695 3047 2742; x_wconf 90' lang='lat' dir='ltr'>com-</span> 
     </span>
    </p>
   </div>
   <div class='ocr_carea' id='block_1_9' title="bbox 642 2779 3050 3682">
    <p class='ocr_par' dir='ltr' id='par_1_9' title="bbox 679 2779 3048 2966">
     <span class='ocr_line' id='line_1_23' title="bbox 679 2779 3048 2864; baseline -0 -19"><span class='ocrx_word' id='word_1_192' title='bbox 679 2780 872 2845; x_wconf 88' lang='lat' dir='ltr'>mune</span> <span class='ocrx_word' id='word_1_193' title='bbox 916 2779 1180 2864; x_wconf 88' lang='lat' dir='ltr'>habent,</span> <span class='ocrx_word' id='word_1_194' title='bbox 1223 2779 1549 2846; x_wconf 92' lang='lat' dir='ltr'>tribuitur</span> <span class='ocrx_word' id='word_1_195' title='bbox 1592 2779 1839 2846; x_wconf 89' lang='lat' dir='ltr'>suculis</span> <span class='ocrx_word' id='word_1_196' title='bbox 1885 2780 2001 2847; x_wconf 91' lang='lat' dir='ltr'>Ov.</span> <span class='ocrx_word' id='word_1_197' title='bbox 2036 2780 2194 2845; x_wconf 89' lang='lat' dir='ltr'>Met.</span> <span class='ocrx_word' id='word_1_198' title='bbox 2225 2780 2333 2845; x_wconf 91' lang='lat' dir='ltr'>III</span> <span class='ocrx_word' id='word_1_199' title='bbox 2377 2780 2522 2862; x_wconf 84' lang='lat'><strong>595,</strong></span> <span class='ocrx_word' id='word_1_200' title='bbox 2565 2779 2749 2845; x_wconf 84' lang='lat' dir='ltr'>Fast.</span> <span class='ocrx_word' id='word_1_201' title='bbox 2780 2779 2840 2844; x_wconf 93' lang='lat' dir='ltr'>V</span> <span class='ocrx_word' id='word_1_202' title='bbox 2888 2780 3048 2861; x_wconf 75' lang='lat'>1663</span> 
     </span>
     <span class='ocr_line' id='line_1_24' title="bbox 680 2881 2466 2966; baseline -0.001 -18"><span class='ocrx_word' id='word_1_203' title='bbox 680 2881 829 2949; x_wconf 89' lang='lat' dir='ltr'>Sen.</span> <span class='ocrx_word' id='word_1_204' title='bbox 875 2882 1047 2948; x_wconf 86' lang='lat' dir='ltr'>Med.</span> <span class='ocrx_word' id='word_1_205' title='bbox 1091 2884 1250 2964; x_wconf 81' lang='lat'>3123</span> <span class='ocrx_word' id='word_1_206' title='bbox 1295 2882 1541 2949; x_wconf 90' lang='lat' dir='ltr'>Auson.</span> <span class='ocrx_word' id='word_1_207' title='bbox 1586 2883 1826 2948; x_wconf 91' lang='lat' dir='ltr'><strong>XVIII</strong></span> <span class='ocrx_word' id='word_1_208' title='bbox 1871 2885 1970 2966; x_wconf 87' lang='lat'>13,</span> <span class='ocrx_word' id='word_1_209' title='bbox 2015 2883 2100 2947; x_wconf 83' lang='lat'>24</span> <span class='ocrx_word' id='word_1_210' title='bbox 2143 2902 2204 2963; x_wconf 90' lang='lat' dir='ltr'>p.</span> <span class='ocrx_word' id='word_1_211' title='bbox 2249 2883 2466 2948; x_wconf 85' lang='lat' dir='ltr'>244P.</span> 
     </span>
    </p>

    <p class='ocr_par' dir='ltr' id='par_1_10' title="bbox 642 2984 3050 3476">
     <span class='ocr_line' id='line_1_25' title="bbox 849 2984 3047 3067; baseline 0 -17"><span class='ocrx_word' id='word_1_212' title='bbox 849 2986 1144 3051; x_wconf 91' lang='lat' dir='ltr'>Fabulas</span> <span class='ocrx_word' id='word_1_213' title='bbox 1190 3004 1354 3065; x_wconf 90' lang='lat' dir='ltr'>quas</span> <span class='ocrx_word' id='word_1_214' title='bbox 1401 2984 2000 3051; x_wconf 83' lang='lat' dir='ltr'>Alexandrinorum</span> <span class='ocrx_word' id='word_1_215' title='bbox 2030 2990 2263 3066; x_wconf 89' lang='lat' dir='ltr'>poetae</span> <span class='ocrx_word' id='word_1_216' title='bbox 2309 2985 2752 3067; x_wconf 83' lang='lat' dir='ltr'>excoluerunt,</span> <span class='ocrx_word' id='word_1_217' title='bbox 2797 2984 3047 3066; x_wconf 90' lang='lat' dir='ltr'>passim</span> 
     </span>
     <span class='ocr_line' id='line_1_26' title="bbox 678 3086 3048 3169; baseline 0 -16"><span class='ocrx_word' id='word_1_218' title='bbox 678 3106 720 3153; x_wconf 92' lang='lat' dir='ltr'>a</span> <span class='ocrx_word' id='word_1_219' title='bbox 762 3088 979 3168; x_wconf 91' lang='lat' dir='ltr'>poetis</span> <span class='ocrx_word' id='word_1_220' title='bbox 1024 3086 1335 3153; x_wconf 85' lang='lat' dir='ltr'>Romanis</span> <span class='ocrx_word' id='word_1_221' title='bbox 1380 3092 1688 3168; x_wconf 89' lang='lat' dir='ltr'>receptae</span> <span class='ocrx_word' id='word_1_222' title='bbox 1753 3093 1823 3152; x_wconf 91' lang='lat' dir='ltr'>et</span> <span class='ocrx_word' id='word_1_223' title='bbox 1884 3088 2190 3153; x_wconf 83' lang='lat' dir='ltr'>excultae</span> <span class='ocrx_word' id='word_1_224' title='bbox 2252 3092 2424 3152; x_wconf 74' lang='lat' dir='ltr'>sunt</span> <span class='ocrx_word' id='word_1_225' title='bbox 2529 3087 2816 3169; x_wconf 76' lang='lat' dir='ltr'>Quorum</span> <span class='ocrx_word' id='word_1_226' title='bbox 2872 3087 3048 3153; x_wconf 91' lang='lat' dir='ltr'>locos</span> 
     </span>
     <span class='ocr_line' id='line_1_27' title="bbox 678 3189 3048 3276; baseline 0 -22"><span class='ocrx_word' id='word_1_227' title='bbox 678 3189 1065 3270; x_wconf 90' lang='lat' dir='ltr'>praecipuos</span> <span class='ocrx_word' id='word_1_228' title='bbox 1125 3208 1660 3255; x_wconf 90' lang='lat' dir='ltr'>commemorasse</span> <span class='ocrx_word' id='word_1_229' title='bbox 1719 3189 1887 3255; x_wconf 90' lang='lat' dir='ltr'>satis</span> <span class='ocrx_word' id='word_1_230' title='bbox 1948 3190 2107 3256; x_wconf 86' lang='lat' dir='ltr'>erit:</span> <span class='ocrx_word' id='word_1_231' title='bbox 2172 3189 2287 3256; x_wconf 92' lang='lat' dir='ltr'>Ov.</span> <span class='ocrx_word' id='word_1_232' title='bbox 2333 3189 2521 3256; x_wconf 89' lang='lat' dir='ltr'>Fast.</span> <span class='ocrx_word' id='word_1_233' title='bbox 2564 3190 2626 3255; x_wconf 90' lang='lat' dir='ltr'><strong>V</strong></span> <span class='ocrx_word' id='word_1_234' title='bbox 2674 3191 2794 3255; x_wconf 85' lang='lat'>167</span> <span class='ocrx_word' id='word_1_235' title='bbox 2821 3190 3048 3276; x_wconf 82' lang='lat' dir='ltr'>sqq.⁸);</span> 
     </span>
     <span class='ocr_line' id='line_1_28' title="bbox 642 3286 3050 3374; baseline 0.001 -17"><span class='ocrx_word' id='word_1_236' title='bbox 642 3286 645 3289; x_wconf 67' lang='grc'><em>’</em></span> <span class='ocrx_word' id='word_1_237' title='bbox 680 3292 1022 3357; x_wconf 86' lang='lat' dir='ltr'>Claudian.</span> <span class='ocrx_word' id='word_1_238' title='bbox 1064 3292 1373 3358; x_wconf 91' lang='lat' dir='ltr'><strong>XXVIII</strong></span> <span class='ocrx_word' id='word_1_239' title='bbox 1413 3294 1553 3359; x_wconf 81' lang='grc'>172.</span> <span class='ocrx_word' id='word_1_240' title='bbox 1628 3292 1798 3358; x_wconf 92' lang='lat' dir='ltr'>Vide</span> <span class='ocrx_word' id='word_1_241' title='bbox 1842 3297 2112 3374; x_wconf 87' lang='lat' dir='ltr'>praeter</span> <span class='ocrx_word' id='word_1_242' title='bbox 2139 3296 2372 3374; x_wconf 82' lang='lat' dir='ltr'>poetas</span> <span class='ocrx_word' id='word_1_243' title='bbox 2413 3291 2754 3374; x_wconf 90' lang='lat' dir='ltr'>Hyginum</span> <span class='ocrx_word' id='word_1_244' title='bbox 2799 3297 3050 3359; x_wconf 89' lang='lat' dir='ltr'>astron.</span> 
     </span>
     <span class='ocr_line' id='line_1_29' title="bbox 676 3393 1326 3476; baseline -0.002 -16"><span class='ocrx_word' id='word_1_245' title='bbox 676 3393 750 3460; x_wconf 93' lang='lat' dir='ltr'>II</span> <span class='ocrx_word' id='word_1_246' title='bbox 793 3397 874 3460; x_wconf 84' lang='lat'>21</span> <span class='ocrx_word' id='word_1_247' title='bbox 921 3414 982 3475; x_wconf 91' lang='lat' dir='ltr'>p.</span> <span class='ocrx_word' id='word_1_248' title='bbox 1028 3396 1112 3460; x_wconf 83' lang='lat'>62</span> <span class='ocrx_word' id='word_1_249' title='bbox 1129 3414 1223 3476; x_wconf 87' lang='lat' dir='ltr'>sq.</span> <span class='ocrx_word' id='word_1_250' title='bbox 1252 3394 1326 3460; x_wconf 90' lang='lat' dir='ltr'>B.</span> 
     </span>
    </p>

    <p class='ocr_par' dir='ltr' id='par_1_11' title="bbox 682 3497 3049 3682">
     <span class='ocr_line' id='line_1_30' title="bbox 851 3497 3048 3580; baseline 0.001 -19"><span class='ocrx_word' id='word_1_251' title='bbox 851 3497 1159 3562; x_wconf 90' lang='lat' dir='ltr'>Valuisse</span> <span class='ocrx_word' id='word_1_252' title='bbox 1205 3497 1455 3577; x_wconf 89' lang='lat' dir='ltr'>aliquid</span> <span class='ocrx_word' id='word_1_253' title='bbox 1495 3498 1758 3563; x_wconf 88' lang='lat' dir='ltr'>suculas</span> <span class='ocrx_word' id='word_1_254' title='bbox 1804 3497 1875 3562; x_wconf 92' lang='lat' dir='ltr'>in</span> <span class='ocrx_word' id='word_1_255' title='bbox 1920 3501 2066 3562; x_wconf 89' lang='lat' dir='ltr'>arte</span> <span class='ocrx_word' id='word_1_256' title='bbox 2098 3497 2359 3579; x_wconf 90' lang='lat' dir='ltr'>magica</span> <span class='ocrx_word' id='word_1_257' title='bbox 2403 3498 2792 3564; x_wconf 90' lang='lat' dir='ltr'>concludere</span> <span class='ocrx_word' id='word_1_258' title='bbox 2835 3497 3048 3580; x_wconf 88' lang='lat' dir='ltr'>possis</span> 
     </span>
     <span class='ocr_line' id='line_1_31' title="bbox 682 3596 3049 3682; baseline 0 -18"><span class='ocrx_word' id='word_1_259' title='bbox 682 3617 765 3664; x_wconf 83' lang='lat' dir='ltr'>ex</span> <span class='ocrx_word' id='word_1_260' title='bbox 808 3596 1097 3664; x_wconf 86' lang='lat' dir='ltr'>Senecae</span> <span class='ocrx_word' id='word_1_261' title='bbox 1136 3599 1308 3664; x_wconf 89' lang='lat' dir='ltr'>Med.</span> <span class='ocrx_word' id='word_1_262' title='bbox 1352 3600 1507 3664; x_wconf 85' lang='lat'>769:</span> <span class='ocrx_word' id='word_1_263' title='bbox 1550 3597 1936 3682; x_wconf 75' lang='lat' dir='ltr'>Hyadesque</span> <span class='ocrx_word' id='word_1_264' title='bbox 1979 3601 2209 3662; x_wconf 78' lang='lat' dir='ltr'>nostris</span> <span class='ocrx_word' id='word_1_265' title='bbox 2253 3600 2539 3663; x_wconf 77' lang='lat' dir='ltr'>cantibus</span> <span class='ocrx_word' id='word_1_266' title='bbox 2583 3606 2777 3664; x_wconf 81' lang='lat' dir='ltr'>motae</span> <span class='ocrx_word' id='word_1_267' title='bbox 2817 3600 3049 3668; x_wconf 81' lang='lat' dir='ltr'>labant.</span> 
     </span>
    </p>
   </div>
   <div class='ocr_carea' id='block_1_10' title="bbox 681 3722 1093 3730">
    <p class='ocr_par' dir='ltr' id='par_1_12' title="bbox 681 3722 1093 3730">
     <span class='ocr_line' id='line_1_32' title="bbox 681 3722 1093 3730; baseline 0 0"><span class='ocrx_word' id='word_1_268' title='bbox 681 3722 1093 3730; x_wconf 95' lang='lat' dir='ltr'> </span> 
     </span>
    </p>
   </div>
   <div class='ocr_carea' id='block_1_11' title="bbox 674 3767 3051 4436">
    <p class='ocr_par' dir='ltr' id='par_1_13' title="bbox 855 3767 2780 3839">
     <span class='ocr_line' id='line_1_33' title="bbox 855 3767 2780 3839; baseline 0.001 -16"><span class='ocrx_word' id='word_1_269' title='bbox 855 3768 894 3839; x_wconf 89' lang='lat'>¹)</span> <span class='ocrx_word' id='word_1_270' title='bbox 930 3769 999 3823; x_wconf 93' lang='lat' dir='ltr'>V.</span> <span class='ocrx_word' id='word_1_271' title='bbox 1034 3769 1176 3830; x_wconf 88' lang='lat' dir='ltr'>locos</span> <span class='ocrx_word' id='word_1_272' title='bbox 1211 3769 1281 3822; x_wconf 91' lang='lat' dir='ltr'>ad</span> <span class='ocrx_word' id='word_1_273' title='bbox 1317 3767 1679 3835; x_wconf 85' lang='lat' dir='ltr'>veriloquium</span> <span class='ocrx_word' id='word_1_274' title='bbox 1718 3769 1826 3818; x_wconf 84' lang='grc' dir='ltr'>ἀπὸ</span> <span class='ocrx_word' id='word_1_275' title='bbox 1861 3773 1957 3818; x_wconf 84' lang='grc' dir='ltr'>τοῦ</span> <span class='ocrx_word' id='word_1_276' title='bbox 1990 3768 2105 3818; x_wconf 77' lang='grc' dir='ltr'><em>ὕειν</em></span> <span class='ocrx_word' id='word_1_277' title='bbox 2139 3784 2306 3837; x_wconf 85' lang='lat' dir='ltr'>supra</span> <span class='ocrx_word' id='word_1_278' title='bbox 2340 3785 2392 3838; x_wconf 85' lang='lat' dir='ltr'>p.</span> <span class='ocrx_word' id='word_1_279' title='bbox 2430 3769 2532 3823; x_wconf 88' lang='lat'>104</span> <span class='ocrx_word' id='word_1_280' title='bbox 2567 3770 2780 3826; x_wconf 78' lang='lat' dir='ltr'>allatoS.</span> 
     </span>
    </p>

    <p class='ocr_par' dir='ltr' id='par_1_14' title="bbox 674 3852 3048 4263">
     <span class='ocr_line' id='line_1_34' title="bbox 852 3852 3047 3923; baseline 0.001 -16"><span class='ocrx_word' id='word_1_281' title='bbox 852 3853 895 3923; x_wconf 81' lang='lat'>²)</span> <span class='ocrx_word' id='word_1_282' title='bbox 932 3854 1127 3922; x_wconf 87' lang='lat' dir='ltr'>Itaque</span> <span class='ocrx_word' id='word_1_283' title='bbox 1162 3869 1297 3908; x_wconf 91' lang='lat' dir='ltr'>aevo</span> <span class='ocrx_word' id='word_1_284' title='bbox 1333 3856 1618 3923; x_wconf 87' lang='lat' dir='ltr'>Augusteo</span> <span class='ocrx_word' id='word_1_285' title='bbox 1652 3853 1803 3908; x_wconf 90' lang='lat' dir='ltr'>tauri</span> <span class='ocrx_word' id='word_1_286' title='bbox 1837 3852 2133 3922; x_wconf 83' lang='lat' dir='ltr'>imaginem</span> <span class='ocrx_word' id='word_1_287' title='bbox 2170 3854 2404 3908; x_wconf 87' lang='lat' dir='ltr'>Romani</span> <span class='ocrx_word' id='word_1_288' title='bbox 2439 3871 2473 3908; x_wconf 92' lang='lat' dir='ltr'>a</span> <span class='ocrx_word' id='word_1_289' title='bbox 2508 3855 2837 3911; x_wconf 85' lang='lat' dir='ltr'>Graecorum</span> <span class='ocrx_word' id='word_1_290' title='bbox 2874 3860 3047 3911; x_wconf 84' lang='lat' dir='ltr'>astro-</span> 
     </span>
     <span class='ocr_line' id='line_1_35' title="bbox 674 3937 3046 4011; baseline 0.001 -17"><span class='ocrx_word' id='word_1_291' title='bbox 674 3939 849 3994; x_wconf 88' lang='lat' dir='ltr'>nomis</span> <span class='ocrx_word' id='word_1_292' title='bbox 884 3945 1214 4008; x_wconf 85' lang='lat' dir='ltr'>receperant,</span> <span class='ocrx_word' id='word_1_293' title='bbox 1250 3955 1480 4008; x_wconf 88' lang='lat' dir='ltr'>quorum</span> <span class='ocrx_word' id='word_1_294' title='bbox 1515 3939 1625 3993; x_wconf 88' lang='lat' dir='ltr'>iam</span> <span class='ocrx_word' id='word_1_295' title='bbox 1651 3939 1858 3993; x_wconf 87' lang='lat' dir='ltr'>Aratus</span> <span class='ocrx_word' id='word_1_296' title='bbox 1881 3938 2152 3993; x_wconf 89' lang='lat' dir='ltr'>cecinerat</span> <span class='ocrx_word' id='word_1_297' title='bbox 2175 3955 2229 3994; x_wconf 92' lang='lat' dir='ltr'>v.</span> <span class='ocrx_word' id='word_1_298' title='bbox 2263 3939 2363 3994; x_wconf 87' lang='grc'>172</span> <span class='ocrx_word' id='word_1_299' title='bbox 2388 3956 2532 4007; x_wconf 86' lang='lat' dir='ltr'>sqq.:</span> <span class='ocrx_word' id='word_1_300' title='bbox 2570 3937 2694 3991; x_wconf 80' lang='grc' dir='ltr'><em>οὐδέ</em></span> <span class='ocrx_word' id='word_1_301' title='bbox 2728 3960 2813 3991; x_wconf 82' lang='grc' dir='ltr'>τοι</span> <span class='ocrx_word' id='word_1_302' title='bbox 2849 3941 3046 4011; x_wconf 62' lang='grc' dir='ltr'>αὔτως-Ι</span> 
     </span>
     <span class='ocr_line' id='line_1_36' title="bbox 676 4021 3048 4094; baseline 0 -20"><span class='ocrx_word' id='word_1_303' title='bbox 676 4028 953 4090; x_wconf 74' lang='grc' dir='ltr'><strong><em>νήκουστοι</em></strong></span> <span class='ocrx_word' id='word_1_304' title='bbox 988 4021 1160 4093; x_wconf 79' lang='grc' dir='ltr'>ὑάδες,</span> <span class='ocrx_word' id='word_1_305' title='bbox 1196 4028 1287 4075; x_wconf 83' lang='grc' dir='ltr'>ταὶ</span> <span class='ocrx_word' id='word_1_306' title='bbox 1315 4026 1419 4090; x_wconf 78' lang='grc' dir='ltr'>μὲν</span> <span class='ocrx_word' id='word_1_307' title='bbox 1451 4025 1589 4094; x_wconf 77' lang='grc' dir='ltr'><em>ῥ’ἑπὶ</em></span> <span class='ocrx_word' id='word_1_308' title='bbox 1612 4027 1773 4074; x_wconf 80' lang='grc' dir='ltr'><strong><em>παντὶ</em></strong></span> <span class='ocrx_word' id='word_1_309' title='bbox 1808 4026 2045 4089; x_wconf 81' lang='grc' dir='ltr'><em>μετώπῳ</em></span> <span class='ocrx_word' id='word_1_310' title='bbox 2074 4026 2082 4091; x_wconf 89' lang='grc' dir='ltr'>Ι</span> <span class='ocrx_word' id='word_1_311' title='bbox 2113 4028 2312 4094; x_wconf 75' lang='grc' dir='ltr'><strong><em>ταύρου</em></strong></span> <span class='ocrx_word' id='word_1_312' title='bbox 2333 4023 2644 4091; x_wconf 70' lang='grc' dir='ltr'><strong><em>βεβλέαται.</em></strong></span> <span class='ocrx_word' id='word_1_313' title='bbox 2716 4026 2895 4092; x_wconf 80' lang='lat' dir='ltr'>Quare</span> <span class='ocrx_word' id='word_1_314' title='bbox 2929 4042 3048 4081; x_wconf 77' lang='lat' dir='ltr'>sae·</span> 
     </span>
     <span class='ocr_line' id='line_1_37' title="bbox 675 4109 3047 4180; baseline 0 -15"><span class='ocrx_word' id='word_1_315' title='bbox 675 4110 799 4180; x_wconf 82' lang='lat' dir='ltr'>pius</span> <span class='ocrx_word' id='word_1_316' title='bbox 835 4111 1056 4177; x_wconf 84' lang='lat' dir='ltr'>Hyades</span> <span class='ocrx_word' id='word_1_317' title='bbox 1092 4111 1162 4164; x_wconf 91' lang='lat' dir='ltr'>ad</span> <span class='ocrx_word' id='word_1_318' title='bbox 1198 4110 1371 4164; x_wconf 89' lang='lat' dir='ltr'>Tauri</span> <span class='ocrx_word' id='word_1_319' title='bbox 1405 4111 1639 4179; x_wconf 86' lang='lat' dir='ltr'>speciem</span> <span class='ocrx_word' id='word_1_320' title='bbox 1674 4109 1989 4177; x_wconf 86' lang='lat' dir='ltr'>trahuntur,</span> <span class='ocrx_word' id='word_1_321' title='bbox 2027 4125 2078 4163; x_wconf 91' lang='lat' dir='ltr'>v.</span> <span class='ocrx_word' id='word_1_322' title='bbox 2105 4109 2283 4164; x_wconf 85' lang='lat' dir='ltr'>Germ.</span> <span class='ocrx_word' id='word_1_323' title='bbox 2321 4111 2477 4165; x_wconf 89' lang='lat' dir='ltr'>Arat.</span> <span class='ocrx_word' id='word_1_324' title='bbox 2513 4111 2719 4165; x_wconf 87' lang='lat' dir='ltr'>Phaen.</span> <span class='ocrx_word' id='word_1_325' title='bbox 2745 4111 2862 4180; x_wconf 89' lang='grc'>178,</span> <span class='ocrx_word' id='word_1_326' title='bbox 2899 4112 3047 4167; x_wconf 83' lang='lat' dir='ltr'>Man.</span> 
     </span>
     <span class='ocr_line' id='line_1_38' title="bbox 675 4195 1915 4263; baseline -0.004 -12"><span class='ocrx_word' id='word_1_327' title='bbox 675 4197 715 4251; x_wconf 46' lang='lat'>1*</span> <span class='ocrx_word' id='word_1_328' title='bbox 739 4195 859 4263; x_wconf 85' lang='lat'><strong>378,</strong></span> <span class='ocrx_word' id='word_1_329' title='bbox 895 4196 1016 4250; x_wconf 91' lang='lat' dir='ltr'>Sen.</span> <span class='ocrx_word' id='word_1_330' title='bbox 1053 4195 1279 4263; x_wconf 84' lang='lat' dir='ltr'>Thyest.</span> <span class='ocrx_word' id='word_1_331' title='bbox 1315 4196 1434 4262; x_wconf 85' lang='lat'>852,</span> <span class='ocrx_word' id='word_1_332' title='bbox 1471 4196 1665 4251; x_wconf 88' lang='lat' dir='ltr'>Avien.</span> <span class='ocrx_word' id='word_1_333' title='bbox 1700 4196 1761 4249; x_wconf 91' lang='lat' dir='ltr'>II</span> <span class='ocrx_word' id='word_1_334' title='bbox 1794 4195 1915 4248; x_wconf 86' lang='lat'>434.</span> 
     </span>
    </p>

    <p class='ocr_par' dir='ltr' id='par_1_15' title="bbox 675 4277 3051 4436">
     <span class='ocr_line' id='line_1_39' title="bbox 853 4277 3051 4351; baseline 0.001 -16"><span class='ocrx_word' id='word_1_335' title='bbox 853 4280 894 4351; x_wconf 81' lang='lat'>⁸)</span> <span class='ocrx_word' id='word_1_336' title='bbox 931 4280 1035 4348; x_wconf 84' lang='lat' dir='ltr'>Qui</span> <span class='ocrx_word' id='word_1_337' title='bbox 1071 4286 1256 4336; x_wconf 91' lang='lat' dir='ltr'>tamen</span> <span class='ocrx_word' id='word_1_338' title='bbox 1309 4296 1361 4335; x_wconf 93' lang='lat' dir='ltr'>v.</span> <span class='ocrx_word' id='word_1_339' title='bbox 1413 4280 1512 4333; x_wconf 87' lang='lat'>164</span> <span class='ocrx_word' id='word_1_340' title='bbox 1548 4279 1820 4349; x_wconf 73' lang='lat' dir='ltr'>Hyadum</span> <span class='ocrx_word' id='word_1_341' title='bbox 1873 4281 1987 4332; x_wconf 84' lang='lat' dir='ltr'>toto</span> <span class='ocrx_word' id='word_1_342' title='bbox 2035 4277 2099 4333; x_wconf 82' lang='lat' dir='ltr'>de</span> <span class='ocrx_word' id='word_1_343' title='bbox 2129 4296 2287 4350; x_wconf 58' lang='lat' dir='ltr'>⁸qreye</span> <span class='ocrx_word' id='word_1_344' title='bbox 2341 4281 2499 4350; x_wconf 82' lang='lat' dir='ltr'>dicit,</span> <span class='ocrx_word' id='word_1_345' title='bbox 2551 4281 2646 4336; x_wconf 88' lang='lat' dir='ltr'>ubi</span> <span class='ocrx_word' id='word_1_346' title='bbox 2693 4282 2928 4337; x_wconf 81' lang='lat' dir='ltr'>fortasse</span> <span class='ocrx_word' id='word_1_347' title='bbox 2980 4290 3051 4338; x_wconf 90' lang='lat' dir='ltr'>ut</span> 
     </span>
     <span class='ocr_line' id='line_1_40' title="bbox 675 4365 1760 4436; baseline 0 -15"><span class='ocrx_word' id='word_1_348' title='bbox 675 4366 954 4422; x_wconf 82' lang='lat' dir='ltr'>Romanus</span> <span class='ocrx_word' id='word_1_349' title='bbox 988 4365 1178 4436; x_wconf 87' lang='lat' dir='ltr'>gregis</span> <span class='ocrx_word' id='word_1_350' title='bbox 1214 4366 1364 4420; x_wconf 83' lang='lat' dir='ltr'>suilli</span> <span class='ocrx_word' id='word_1_351' title='bbox 1400 4382 1602 4421; x_wconf 85' lang='lat' dir='ltr'>memor</span> <span class='ocrx_word' id='word_1_352' title='bbox 1635 4367 1760 4421; x_wconf 83' lang='lat' dir='ltr'>fuit.</span> 
     </span>
    </p>
   </div>
  </div>
 </body>
</html>
