3576 5085
1406 1635 1983 1720 Prooemium

691 1859 1178 1942 Quaerentibus
1239 1856 1452 1938 qualis
1510 1856 1726 1922 cultus
1771 1854 2121 1935 qualisque
2178 1854 2555 1921 humanitas
2611 1855 2893 1923 alicuius

518 1962 744 2043 populi
786 1959 993 2026 fuerit
1021 1979 1152 2025 non
1181 1958 1378 2040 parvi
1407 1955 1719 2022 momenti
1762 1975 1846 2022 ea
1889 1962 2063 2039 sunt,
2109 1975 2282 2037 quae
2311 1957 2398 2022 ab
2428 1956 2572 2023 eius
2602 1957 2893 2025 nationis

518 2061 892 2128 hominibus
924 2060 1307 2144 cogitantur
1350 2065 1420 2126 et
1451 2059 1763 2126 dicuntur
1806 2060 1888 2125 de
1925 2059 2270 2125 stellarum
2302 2059 2373 2127 vi
2401 2064 2600 2140 atque
2627 2065 2895 2128 natura.

519 2165 708 2247 Quod
743 2169 1062 2245 reputans
1093 2163 1431 2228 Romanae
1461 2180 1716 2242 quoque
1745 2161 1966 2244 gentis
1999 2160 2282 2228 indolem
2328 2161 2616 2230 fortasse
2659 2163 2895 2231 melius

517 2266 928 2334 intellectum
971 2265 1057 2332 iri
1101 2270 1294 2332 ratus
1338 2283 1497 2347 sum,
1542 2263 1601 2330 si
1647 2264 1946 2332 breviter
1983 2263 2471 2348 quaesivissem,
2516 2266 2747 2348 quales
2790 2285 2896 2334 co-

522 2369 885 2452 gitationes
942 2368 1223 2435 Romani
1268 2370 1351 2434 de
1408 2366 1626 2434 stellis
1685 2366 2099 2451 habuissent,
2159 2386 2287 2450 quo
2345 2370 2533 2434 modo
2591 2368 2897 2453 singulae

523 2471 862 2556 opiniones
906 2471 1212 2555 primitus
1271 2475 1478 2555 ortae,
1535 2468 1862 2553 paulatim
1923 2469 2149 2553 tritae,
2210 2468 2495 2552 denique
2552 2472 2898 2556 neglectae

522 2576 844 2656 novisque
888 2594 1230 2657 repressae
1277 2579 1516 2641 essent.

695 2678 898 2744 Haud
928 2677 1030 2743 ita
1069 2676 1297 2760 paucis
1339 2677 1625 2760 negotiis
1653 2677 1951 2744 homines
1996 2681 2502 2761 commoventur,
2544 2681 2622 2744 ut
2665 2678 2901 2745 stellas

526 2782 920 2860 observent3
966 2778 1291 2860 imprimis
1337 2778 1671 2860 agricolae
1714 2779 2013 2845 viatores
2063 2783 2310 2846 nautae
2354 2779 2601 2846 milites
2647 2781 2902 2847 caelum

531 2880 914 2948 astriferum
971 2881 1384 2961 perlustrant
1427 2885 1631 2961 atque
1690 2880 1971 2964 singula,
2027 2900 2196 2961 quae
2255 2881 2327 2946 in
2372 2881 2568 2964 globo
2626 2883 2904 2949 caelesti

526 2989 801 3066 praeter
843 2988 1071 3048 cetera
1116 2982 1397 3066 elucent,
1442 2986 1737 3067 enotant,
1787 3002 1917 3064 quo
1962 2983 2211 3050 certius
2256 3002 2374 3051 suo
2432 2988 2725 3066 tempore
2784 2988 2904 3051 aut

529 3084 753 3152 officia
797 3090 1213 3166 exequantur
1256 3090 1375 3152 aut
1417 3085 1664 3151 itinera
1726 3085 2041 3169 dirigant.
2132 3086 2292 3153 Cum
2337 3104 2493 3154 vero
2538 3087 2779 3153 stellae
2833 3092 2905 3154 et

526 3189 752 3256 sidera
780 3187 1188 3255 lucidissima
1213 3206 1408 3254 cursu
1439 3206 1557 3254 suo
1579 3188 1687 3253 his
1710 3186 1875 3270 ipsis
1897 3187 2272 3255 hominibus
2293 3189 2562 3255 maximi
2590 3189 2904 3258 momenti

526 3291 799 3375 fuerint,
846 3290 1118 3357 dubium
1155 3308 1286 3356 non
1331 3296 1452 3373 est,
1497 3290 1657 3370 quin
1700 3289 1832 3355 iam
1870 3290 2245 3372 antiquitus
2288 3291 2419 3374 ipsi
2447 3291 2715 3376 singula
2756 3311 2906 3375 pro-

530 3393 700 3478 priis
725 3393 1218 3477 cognominibus
1240 3411 1357 3460 suo
1380 3392 1661 3475 quisque
1682 3411 1860 3459 more
1883 3393 2369 3478 exornaverint,
2392 3394 2495 3460 ita
2514 3400 2593 3461 ut
2615 3394 2906 3462 eiusdem

528 3498 766 3564 stellae
826 3495 1012 3563 aliud
1069 3515 1424 3580 cognomen
1491 3495 1703 3564 fuerit
1759 3501 2114 3562 nautarum
2132 3546 2149 3580 ,
2208 3496 2393 3563 aliud
2448 3497 2908 3580 agricolarum.

529 3600 760 3682 Neque
789 3604 1015 3666 tamen
1043 3599 1241 3666 huius
1272 3599 1730 3682 cognominum
1753 3597 2107 3666 varietatis
2133 3599 2339 3665 ullum
2368 3601 2548 3681 apud
2577 3600 2907 3668 Romanos

529 3701 909 3786 vestigium,
956 3721 1125 3784 quae
1156 3706 1259 3769 est
1286 3701 1641 3768 memoriae
1670 3701 1932 3767 illorum
1964 3700 2275 3785 condicio,
2314 3701 2652 3769 remansit.
2737 3703 2909 3769 Nam

532 3805 922 3887 cognomina
949 3805 1249 3872 Romana
1292 3804 1573 3871 omnium
1607 3805 1839 3870 eadem
1882 3802 2089 3870 fuisse
2132 3804 2203 3870 in
2233 3823 2357 3871 usu
2401 3824 2486 3871 ex
2514 3805 2911 3872 testimoniis

534 3904 714 3972 infra
768 3907 992 3974 allatis
1051 3907 1342 3990 patebit,
1401 3924 1526 3987 quo
1585 3906 1682 3990 fit,
1734 3911 1814 3971 ut
1871 3924 2194 3988 nusquam
2253 3905 2560 3974 diversae
2618 3908 2911 3975 eiusdem

536 4006 780 4073 sideris
808 4009 1288 4090 appellationes
1312 4010 1533 4075 eodem
1559 4012 1855 4090 tempore
1880 4008 2175 4093 viguisse
2202 4029 2244 4076 a
2273 4007 2558 4077 diversis
2581 4010 2909 4078 hominum

534 4110 895 4193 generibus
938 4109 1243 4176 adhibita
1284 4113 1628 4194 appareat.
1715 4111 1812 4176 At
1850 4109 1988 4176 alia
2031 4113 2324 4178 notanda
2369 4120 2474 4179 est
2515 4112 2913 4198 differentia,

536 4231 712 4294 quae
769 4211 1056 4278 interest
1116 4211 1294 4278 inter
1352 4232 1434 4279 ea
1495 4231 1667 4295 quae
1711 4233 1753 4280 a
1812 4213 2054 4296 populo
2113 4220 2183 4280 et
2241 4233 2323 4280 ea
2383 4234 2555 4298 quae
2598 4235 2641 4282 a
2696 4215 2912 4298 poetis

538 4314 879 4397 doctisque
937 4313 1348 4396 alienigenas
1400 4314 1824 4383 imitantibus
1883 4323 2313 4399 usurpantur.
2413 4318 2655 4399 Itaque
2711 4317 2772 4383 si
2829 4319 2912 4385 de

538 4418 886 4485 stellarum
931 4416 1424 4501 cognominibus
1469 4423 1539 4483 et
1596 4418 2035 4502 religionibus
2092 4420 2406 4488 Romanis
2464 4418 2917 4502 quaestionem

641 4535 1284 4592 Religionsgeschichtliche
1309 4536 1553 4585 Vei-suche
1578 4547 1626 4581 u.
1651 4537 1975 4583 Vorarbeiten
2002 4537 2086 4581 111.
2566 4520 2599 4573 ⁴7
