3576 5085
594 431 662 519 3]
1031 432 1116 487 De
1149 431 1436 486 stellarum
1471 429 1839 499 appellatione
1872 434 1932 485 et
1965 428 2233 498 religione
2267 430 2514 485 Romana
2877 429 2963 498 95

594 600 859 669 nomina
888 601 1172 667 illanon
1201 603 1339 667 suis
1361 598 1648 682 ipsorum
1672 599 2075 682 temporibus
2104 598 2423 684 viguisse,
2449 601 2565 666 sed
2589 601 2676 666 ad
2704 619 2964 667 cascam

591 703 1061 785 antiquitatem
1103 702 1338 769 red-ire.
1426 702 1647 784 thue
1692 719 1775 768 ex
1818 701 1953 767 illis
1996 701 2403 784 singulorum
2445 702 2594 768 fata
2636 704 2725 768 ad
2766 703 2964 769 finem

590 809 1036 890 perducerem,
1080 802 1402 889 quaesivi,
1448 805 1759 886 quamdiu
1803 802 2148 871 floruerint
2190 804 2682 873 vetustissimae
2724 805 2962 872 Roma-

589 927 815 976 norum
872 907 1391 992 significationes
1407 956 1431 990 ‚-
1500 925 1670 989 quae
1714 906 1825 973 hic
1882 906 2026 973 illic
2081 907 2258 974 inter
2315 913 2551 992 gentes
2609 927 2653 973 a
2695 907 2964 975 Latinis

527 1047 531 1051 ·
589 1012 887 1079 oriundis
929 1011 1124 1078 hodie
1172 1029 1428 1092 quoque
1470 1011 1722 1093 vigent.
1813 1011 2106 1092 Quarum
2158 1009 2503 1077 stellarum
2561 1015 2641 1076 ut
2694 1012 2963 1077 nomina

588 1108 1012 1197 illustrarem,
1041 1114 1269 1181 addidi
1301 1113 1595 1181 virorum
1623 1115 1957 1179 doctorum
1998 1119 2066 1179 et
2095 1118 2393 1181 veterum
2424 1118 2495 1179 et
2522 1113 2961 1180 recentiorum

588 1217 1205 1299 interpretationes3
1252 1221 1338 1282 ut·
1371 1216 1711 1298 opiniones
1753 1215 2200 1299 explanarem,
2244 1216 2501 1282 recurri
2544 1217 2633 1282 ad
2675 1216 2962 1282 aliarum.

589 1319 889 1403 gentium
933 1318 1293 1402 religiones
1335 1319 1723 1400 persimiles.

758 1439 855 1506 Ut
903 1440 1028 1505 hac
1071 1445 1300 1505 nostra
1346 1443 1572 1504 aetate
1628 1438 1899 1520 plurimi
1956 1437 2270 1504 mortales
2328 1456 2692 1520 perpaucas
2750 1437 2958 1505 solum

589 1542 818 1608 stellas
862 1545 1190 1608 noverunt
1236 1546 1307 1607 et
1350 1541 1711 1624 appellant,
1754 1540 1855 1607 ita
1896 1540 2173 1606 Romani
2213 1558 2467 1621 quoque
2510 1559 2760 1623 paucas
2809 1560 2957 1622 pro-

586 1643 751 1726 priis
779 1643 1154 1710 nominibus
1186 1643 1661 1710 discreverunt.
1734 1643 2015 1709 Plautus
2045 1641 2237 1725 enim,
2272 1643 2590 1708 sermonis
2619 1644 2956 1726 popularis

587 1747 919 1813 studiosus
963 1750 1236 1829 amator,
1281 1765 1409 1812 uno
1451 1746 1592 1813 loco
1635 1745 1777 1812 fere
1822 1745 2040 1811 omnia
2098 1746 2444 1811 stellarum
2487 1745 2752 1811 nomina
2793 1764 2957 1812 nun-

587 1853 801 1933 cupat,
820 1868 986 1930 quae
1001 1853 1159 1915 tunc
1174 1847 1490 1914 Romanis
1504 1854 1666 1913 nota
1681 1854 1894 1913 erant.
1922 1847 2108 1912 Dicit
2124 1846 2297 1912 enim
2314 1846 2549 1927 Amph.
2573 1866 2633 1914 v.
2649 1848 2776 1912 272
2793 1866 2957 1929 sqq.:

759 1953 953 2034 credo
995 1986 1115 2049 ego
1157 1968 1282 2032 hac
1324 1971 1528 2032 noctu
1571 1967 1978 2031 Nocturnum
2022 1965 2499 2032 obdormivisse
2542 1966 2815 2051 ebrium,

758 2089 912 2135 nam
935 2088 1149 2150 neque
1177 2086 1248 2135 se
1275 2069 1715 2150 septentmms
1760 2087 2082 2149 quoquam
2116 2068 2189 2133 in
2219 2068 2402 2134 caelo
2432 2072 2842 2136 commovent

756 2191 879 2238 nec
920 2172 1177 2253 iuyulae
1218 2190 1432 2251 neque
1474 2190 1805 2252 vesperuyo
1847 2189 2060 2251 neque
2102 2171 2396 2252 verqiliae
2437 2171 2762 2238 occidunt.

584 2307 768 2393 Quae
847 2308 1115 2375 nomina
1178 2327 1337 2377 vere
1402 2308 1701 2374 Romana
1780 2326 1928 2374 esse
2005 2326 2080 2373 eo
2138 2309 2478 2391 arguitur,
2560 2309 2735 2389 quod
2808 2327 2957 2375 cum

583 2414 937 2478 earundem
1007 2411 1356 2477 stellarum
1427 2409 1986 2492 appellationibus
2043 2409 2304 2493 graecis
2374 2410 2547 2475 nihil
2620 2429 2955 2476 commune

580 2513 847 2581 habent.
905 2514 1038 2581 Sed
1066 2533 1194 2581 non
1226 2515 1434 2581 solum
1482 2512 2181 2596 vesperuginem,
2225 2530 2452 2581 verum
2491 2513 2691 2579 etiam
2732 2512 2954 2580 luci-

581 2616 846 2684 ferum
885 2618 1151 2684 novisse
1181 2621 1384 2699 atque
1416 2618 1785 2700 appellasse
1822 2617 2102 2683 Latinos
2130 2635 2319 2682 nemo
2362 2621 2581 2700 neget,
2624 2616 2738 2697 qui
2781 2618 2958 2698 apud

577 2719 867 2786 Ennium
896 2719 1426 2788 vetustissimum
1459 2738 1694 2784 nomen
1737 2720 1881 2786 iub
1902 2720 2083 2784 aris
2112 2718 2373 2801 legerit.
2454 2719 2954 2785 Sucularum

580 2839 834 2901 quoque
895 2821 1081 2887 sidus
1136 2821 1296 2885 inde
1368 2821 1453 2885 ab
1526 2820 2008 2900 antiquissimis
2082 2820 2492 2902 temporibus
2551 2821 2956 2903 appellatum

581 2926 783 3003 atque
827 2924 1251 2989 observatum
1295 2920 1503 2987 fuisse
1544 2920 1969 3005 grammatici
2016 2922 2268 3005 docent,
2336 2925 2506 3003 quod
2550 2923 2712 2989 item
2771 2925 2956 2991 valet

580 3025 661 3090 de
707 3025 907 3090 stella
954 3024 1446 3089 caniculae:
1506 3022 1694 3090 cuius
1751 3023 1855 3090 rei
1897 3022 2286 3091 testimonia
2350 3023 2528 3089 infra
2586 3025 2955 3091 afferemus.

753 3143 941 3229 Quae
971 3162 1115 3209 cum
1145 3144 1248 3210 ita
1281 3148 1518 3227 essent,
1548 3146 1631 3209 de
1661 3143 1766 3209 his
1799 3162 1965 3224 quae
1994 3144 2192 3210 modo>
2214 3144 2597 3210 enumeravi
2627 3144 2956 3211 sideribus

576 3264 793 3312 sermo
823 3246 989 3312 mihi
1017 3245 1362 3312 faciendus
1396 3249 1560 3311 erat.
1602 3245 1766 3312 Rem
1794 3246 1892 3312 sic
1918 3245 2204 3329 institui,
2241 3252 2320 3312 ut
2347 3245 2560 3328 prim
2578 3266 2615 3313 0
2660 3266 2809 3330 cap
2825 3246 2850 3313 i
2866 3251 2899 3313 t
2916 3267 2954 3313 e

575 3351 659 3414 de
723 3348 1010 3432 singulis
1078 3349 1294 3415 stellis
1354 3348 1741 3415 dissererem
1802 3351 2057 3416 duabus
2100 3349 2548 3431 paragraphis
2603 3369 2810 3432 agens
2856 3353 2899 3416 d
2916 3370 2954 3417 6

573 3451 954 3518 lucifero
1001 3455 1086 3517 et
1130 3470 1334 3533 vesp
1355 3470 1494 3518 ero
1539 3456 1745 3533 atque
1790 3453 1872 3518 de
1918 3451 2343 3518 canicula.
2431 3452 2558 3518 His
2589 3452 2806 3519 adieci
2852 3454 2893 3519 d
2914 3473 2951 3520 e

575 3573 701 3620 arc
718 3559 809 3620 tu
827 3573 914 3621 ro
954 3554 1242 3637 tertiam,
1285 3554 1447 3620 licet
1473 3554 1709 3621 sideris
1737 3553 2067 3621 notionem
2098 3559 2171 3621 et
2198 3574 2433 3621 nomen
2471 3555 2739 3622 aliunde
2767 3575 2950 3622 acce-

572 3656 799 3740 perint
841 3656 1142 3741 Romani,
1187 3657 1495 3738 quoniam
1528 3656 1671 3723 eius
1700 3656 2084 3740 saepissime
2114 3658 2372 3724 mentio·
2406 3658 2483 3724 fit
2521 3658 2628 3727 vel
2658 3678 2700 3724 a
2744 3658 2950 3741 scrip-

573 3760 830 3826 toribus
874 3758 974 3826 rei
1021 3759 1329 3827 rusticae.
1416 3760 1498 3825 In
1541 3779 1577 3826 c
1591 3780 1690 3842 ap
1705 3759 1731 3825 i
1746 3771 1776 3825 t
1793 3779 1829 3826 e
1875 3779 1908 3826 s
1925 3779 1962 3825 e
1980 3779 2016 3825 c
2029 3778 2074 3826 u
2088 3779 2133 3825 n
2149 3761 2194 3825 d
2209 3779 2246 3826 0
2290 3779 2374 3826 ex
2410 3760 2640 3827 ordine
2683 3760 2950 3844 singula

574 3863 865 3931 tractavi
909 3862 1151 3948 sidera,
1195 3862 1853 3946 sep-tentriones
1898 3864 2063 3947 dico,
2106 3863 2461 3944 iugulas
2505 3863 2949 3948 vergilias

575 3982 609 4029 s
623 3983 667 4030 11
683 3982 778 4035 611
792 3966 818 4031 l
834 3986 874 4031 a
888 3984 947 4033 s.

747 4084 877 4150 Sed
916 4085 1361 4165 quaerendum
1402 4088 1522 4166 est,
1562 4083 1959 4152 noverintne
1984 4084 2268 4150 Romani
2305 4102 2395 4150 zo
2414 4085 2557 4151 dia
2574 4084 2651 4151 ci
2689 4085 2803 4167 qui
2832 4105 2946 4153 vo-

570 4185 767 4253 catur
793 4185 992 4269 signa
1018 4186 1315 4268 propriis
1336 4184 1678 4255 vocabulis
1718 4185 2024 4252 discreta.
2085 4186 2278 4269 Quod
2306 4186 2697 4270 negabimus
2727 4188 2945 4268 perlu-

569 4289 807 4356 stratis
835 4288 1229 4373 nominibus,
1275 4308 1448 4369 quae
1490 4289 1596 4355 his
1632 4288 1845 4373 signis
1882 4290 2353 4356 tribuebantur
2384 4308 2685 4371 quaeque
2727 4289 2946 4356 omnia

568 4393 663 4459 ad-
700 4392 1104 4460 Graecorum
1148 4392 1454 4475 exempla
1496 4390 1656 4458 ficta
1695 4396 1871 4459 sunt.
1959 4391 2135 4477 Quin
2181 4391 2383 4459 etiam·
2428 4389 2635 4544 Tauri
2678 4390 2943 4475 signum

2602 4492 2634 4525 ,κ
