3576 5085
756 441 881 507 108
1658 436 1963 492 Guilelmus
1999 434 2213 490 Gundel
3012 437 3123 518 [16

753 609 1217 693 gravissimum
1292 607 1469 674 vidit
1527 608 1610 673 Η.
1670 608 1716 672 J
1732 625 1769 673 o
1784 627 1821 672 r
1838 609 1881 672 d
1895 626 1937 674 a
1956 626 2001 673 n
2066 607 2410 692 (Kritische
2459 607 2761 690 Beitrc’iyc
2814 607 2956 693 62),
3010 607 3126 688 qui

754 712 943 778 iubar
999 729 1130 778 non
1186 713 1410 778 eodem
1479 712 1667 776 modo
1727 709 2196 776 conformatum
2265 729 2410 777 esse
2482 710 2657 776 dixit
2713 728 2838 792 quo
2893 711 3126 794 ὀψε-ταν,

758 817 916 898 quia
958 837 1002 879 a
1043 815 1293 883 vocalis
1340 814 1670 882 diversam
1713 813 1784 878 in
1829 817 2109 894 utraque
2145 832 2306 880 voce
2336 813 2615 879 haberet
2645 813 3125 895 quantitatem:

757 918 1025 984 busto-zris
1067 919 1184 984 sed
1228 917 1482 983 iubdm‘s.
1569 915 1712 999 Quo
1755 915 2096 982 intellecto
2133 915 2260 983 viri
2306 914 2485 982 docti
2515 915 2818 983 Corsseni
2862 920 3128 999 etymon

757 1021 1171 1103 reliquerunt
1216 1024 1287 1086 et
1329 1038 1563 1088 novam
1609 1016 2228 1099 interpretationem
2274 1018 2765 1099 quaesiverunt.
2854 1018 3001 1101 Qua
3045 1019 3129 1083 de

757 1144 830 1191 re
873 1123 1065 1191 nobis
1124 1123 1467 1189 adeundus
1528 1125 1631 1187 est
1675 1121 1977 1204 ServiuS,
2036 1121 2150 1202 qui
2206 1122 2374 1187 Aen.
2417 1122 2515 1189 IV
2576 1121 2703 1188 130
2762 1124 2984 1188 docet:
3042 1125 3131 1184 cst

758 1232 965 1293 autem
1011 1227 1240 1308 lucifer
1279 1225 1594 1290 interdum
1638 1223 1823 1302 Iovia,
1867 1244 2019 1288 uam
2063 1229 2119 1288 et
2156 1225 2406 1305 antiqui
2444 1223 2648 1307 iubar,
2706 1225 2890 1306 quasi
2926 1225 3128 1306 iuvar,

758 1330 919 1396 licet
948 1329 1006 1394 is
1044 1327 1384 1396 divinetur
1414 1327 1628 1409 magis
1660 1345 1853 1408 quam
1886 1327 2173 1408 explicet
2201 1326 2379 1394 vocis
2418 1326 2724 1393 radicem.
2770 1327 2937 1392 Nam
2966 1325 3131 1391 iam-

761 1433 1005 1499 dudum
1077 1431 1551 1497 intellexerunt
1625 1428 1759 1496 viri
1803 1430 1983 1495 docti
2028 1448 2256 1496 veram
2300 1447 2444 1495 esse
2500 1448 2646 1495 eam
2705 1428 2886 1496 vocis
2943 1428 3133 1493 iubar

760 1532 1397 1616 interpretationem,
1442 1550 1615 1614 quae
1653 1550 1798 1597 eam
1836 1532 2115 1597 reducat
2160 1533 2248 1598 ad
2292 1533 2566 1598 eandem
2597 1533 2684 1597 ad
2729 1551 2922 1613 quam
2943 1531 3135 1596 ‘Iovis

762 1655 1016 1719 nomen,
1075 1654 1310 1716 nempe
1355 1637 1443 1700 ad
1486 1634 2110 1716 Indogermanorum
2172 1634 2286 1715 qui
2329 1639 2654 1701 vocantur
2695 1633 2985 1700 radicem
3029 1633 3135 1697 div

761 1741 871 1809 vel
915 1739 1070 1821 diov,
1116 1757 1285 1819 quae
1327 1736 1611 1804 nitorem
1656 1735 2011 1819 significat.
2100 1736 2319 1802 Huius
2366 1721 2802 1805 derivationis
2848 1736 3135 1802 antistes

762 1843 840 1909 L.
885 1843 1176 1924 Meyer
1221 1845 1324 1907 est
1355 1840 1587 1925 (Veryl.
1624 1839 1908 1905 Gramm.
1948 1838 2063 1903 der
2083 1839 2314 1920 ,qi-icch.
2350 1840 2454 1906 lat.
2485 1839 2760 1921 Spraclae
2793 1839 2827 1904 I
2850 1840 2876 1877 ²
2907 1838 3133 1924 159),1)

767 1945 875 2012 cui
921 1943 1418 2012 assentiendum
1464 1961 1609 2009 esse
1652 1946 1828 2024 puto,
1895 1942 2027 2008 nisi
2072 1944 2245 2023 quod
2287 1942 2587 2010 litteram
2629 1943 2666 2006 b
2713 1943 2892 2011 vocis
2948 1941 3137 2006 iubar

765 2050 1041 2115 eandem
1116 2065 1259 2113 esse
1318 2046 1590 2114 volebat
1651 2064 1850 2126 quam
1904 2066 1941 2109 v
1998 2045 2244 2113 radicis
2316 2046 2845 2129 indogermanae.
2948 2045 3136 2128 Quod

765 2149 913 2216 fieri
972 2149 1103 2214 ullo
1160 2152 1357 2230 pacto
1416 2167 1605 2230 posse
1679 2147 1812 2212 iam
1875 2148 2351 2214 Corssenus
2415 2149 2695 2231 negavit
2753 2150 2821 2233 (l.
2865 2150 2908 2214 l.
2969 2148 3139 2232 159).

768 2253 971 2318 Immo
1032 2250 1510 2332 seiungendum
1569 2250 1760 2315 nobis
1825 2249 2013 2312 iubar
2069 2249 2168 2314 ita
2233 2250 2519 2332 videtur,
2586 2255 2664 2315 ut
2720 2267 3139 2316 secernamus

766 2356 842 2419 iu
869 2362 940 2420 et
970 2352 1131 2436 -bar,
1175 2370 1451 2433 quarum
1485 2351 1892 2434 syllabarum
1922 2351 2101 2433 prior
2130 2353 2214 2417 ad
2260 2350 2666 2433 primitivam
2702 2351 2992 2418 radicem
3035 2351 3140 2415 div

771 2458 883 2523 vel
925 2455 1070 2538 dj0v
1114 2457 1338 2521 eodem
1382 2456 1568 2519 modo
1613 2453 1806 2537 redit,
1851 2472 1977 2535 quo
2014 2453 2290 2535 Iu-piter
2334 2456 2420 2520 ad
2448 2453 2637 2536 djov-.
2722 2455 2867 2521 Iam
2909 2458 3141 2537 restat,

770 2566 848 2626 ut
911 2562 993 2626 de
1051 2557 1521 2625 terminatione
1580 2557 1727 2621 -bar
1787 2576 2080 2639 agamus.
2191 2558 2385 2624 Hanc
2456 2557 2519 2624 J.
2580 2559 3049 2627 Savelsber
3063 2578 3140 2641 g,

772 2661 1161 2747 (Umbrische
1218 2659 1500 2739 Studien,
1554 2659 1796 2724 Ztschr.
1851 2660 1972 2741 fiir
2015 2660 2201 2741 veryl.
2261 2660 2551 2743 Sprachf.
2594 2661 2766 2727 XXI
2820 2662 2970 2747 137)
3030 2680 3140 2727 ex-

774 2765 1053 2848 plicavit
1120 2783 1158 2830 e
1231 2762 1714 2829 Sanscritorum
1795 2782 1980 2845 vara3
2054 2782 2116 2829 v.
2169 2765 2228 2830 d.
2295 2763 2815 2830 Darbishire
2872 2764 3143 2846 putavit

777 2869 1088 2935 Indorum
1119 2866 1299 2931 —bhas
1344 2884 1487 2933 esse
1530 2865 1923 2932 Latinorum
1967 2866 2097 2947 bar,
2142 2870 2218 2931 ut
2247 2865 2336 2932 sit
2377 2866 2565 2930 iubar
2609 2867 3024 2949 Tayesscheiu
3058 2866 3143 2952 (v.

778 2973 859 3038 A.
905 2971 1235 3054 Walde,
1279 2969 1421 3035 Lat.
1468 2974 1644 3051 etym.
1697 2968 2100 3033 Wo‘rterbuch
2156 2989 2219 3050 p.
2281 2970 2410 3036 310
2468 2989 2519 3036 S.
2577 2989 2638 3037 v.
2696 2970 2925 3055 iubar).
3014 2970 3145 3036 Sed

777 3093 900 3158 ego
944 3075 1066 3140 hoc
1094 3073 1237 3136 -bar
1282 3090 1665 3153 componere
1695 3071 1917 3136 malim
1965 3090 2109 3136 cum
2151 3072 2481 3138 sanserito
2527 3072 2727 3157 -bhar,
2771 3074 2940 3154 quod
2969 3074 3146 3154 apud

777 3176 1054 3242 Latinos
1092 3173 1382 3241 recurrit
1428 3178 1547 3239 aut
1592 3173 1663 3239 in
1707 3174 1815 3237 ber
1857 3173 2077 3257 (faber,
2118 3174 2342 3254 creber,
2386 3175 2705 3261 mulciber)
2772 3182 2891 3242 aut
2933 3175 3003 3241 in
3045 3175 3149 3256 fer

780 3277 1093 3365 (siquifer)
1140 3280 1482 3343 mutatum.
1492 3276 1539 3361 ²)
1628 3276 1775 3359 Ego
1822 3276 1997 3343 enim
2037 3277 2152 3340 bar
2193 3277 2356 3344 illud
2411 3297 2528 3360 pro
2585 3277 2797 3345 forma
2853 3278 3147 3361 pleniore

779 3380 1056 3447 membri
1085 3378 1308 3446 suffixi
1330 3380 1464 3443 -ber
1476 3380 1706 3463 habeo,
1729 3380 1916 3446 cuius
1939 3380 2185 3447 vocalis
2209 3380 2883 3448 littera—incertum
2907 3380 3146 3462 quibus

780 3485 862 3549 de
906 3482 1124 3549 causis
1147 3482 1196 3564 ⁸)
1226 3520 1311 3528 —-
1335 3483 1538 3548 aliter
1565 3489 1765 3563 atque
1795 3482 1865 3547 in
1899 3482 2177 3563 reliquis
2217 3483 2572 3549 debilitata
2600 3503 2730 3550 non
2760 3484 2870 3550 sit.
2958 3483 3145 3550 Cum-

783 3604 910 3667 que
953 3584 1106 3651 huic
1148 3583 1386 3650 suffixo
1432 3584 1567 3647 -ber
1609 3584 1753 3650 sive
1799 3584 1927 3665 -fer
1969 3584 2352 3667 plerumque
2396 3604 2627 3652 sensus
2673 3585 2928 3652 ferendi
2971 3586 3150 3668 insit,

782 3706 905 3772 ego
949 3705 1079 3753 non
1124 3687 1356 3753 dubito
1399 3686 1589 3751 iubar
1630 3686 1966 3768 explicare
2009 3706 2129 3769 per
2155 3688 2416 3751 nitorem
2460 3688 2619 3751 lucis
2654 3690 2885 3772 ferens,
2926 3688 3028 3755 ita
3070 3692 3151 3756 ut

781 3791 963 3857 haud
1005 3792 1279 3855 multum
1321 3789 1502 3855 inter
1544 3809 1618 3856 se
1663 3790 1917 3855 distent
1969 3789 2159 3854 iubar
2178 3790 2231 3875 4)
2273 3795 2343 3856 et
2387 3791 2627 3871 lucifer.
2731 3792 2877 3857 Hac
2934 3793 3018 3857 de
3076 3809 3150 3857 re

963 3926 1003 3996 1)
1037 3926 1176 3981 Eius
1230 3924 1562 3980 sententiam
1614 3934 1837 3981 secutus
1886 3930 1972 3981 est
2024 3926 2091 3980 A.
2140 3925 2495 3981 Vaniczek
2560 3926 2778 3982 Gricch.
2827 3926 2923 3982 lat.
2986 3930 3151 3997 etym.

798 4010 1152 4067 W'o'rtcrbuch
1186 4027 1240 4079 p.
1274 4010 1406 4077 359;
1442 4028 1496 4067 v.
1533 4011 1698 4067 etiam
1735 4012 1806 4067 Η.
1843 4011 2112 4066 Ahrens
2158 4011 2372 4069 Ztcchr.
2404 4011 2508 4081 fiir
2539 4013 2705 4084 verql.
2747 4012 2875 4083 Spr.
2909 4014 3001 4068 111
3034 4013 3154 4081 162,

785 4098 882 4167 qui
917 4096 1357 4165 antiquissimam
1392 4096 1539 4153 vocis
1562 4096 1797 4152 Latinae
1832 4096 2061 4151 formam
2096 4097 2256 4152 iuvas
2289 4113 2409 4153 esse
2444 4098 2742 4155 contendit.

960 4182 1005 4253 ²)
1038 4199 1093 4238 v.
1131 4183 1544 4237 Corssenum
1590 4182 1742 4238 Krit.
1779 4182 1956 4238 Bcitr.
1991 4199 2044 4251 p.
2079 4182 2209 4253 3563
2246 4183 2366 4239 363.

961 4268 1005 4339 ⁸)
1038 4267 1158 4323 Nisi
1194 4268 1336 4336 quod
1374 4267 1604 4336 antiqua
1639 4267 1726 4323 vis
1758 4268 1972 4323 ferendi
2016 4267 2179 4337 plane
2225 4269 2461 4339 pertrita
2496 4277 2666 4338 atque
2712 4270 2968 4339 neglecta
3015 4274 3155 4325 erat.

956 4354 1001 4423 ⁴)
1036 4354 1306 4408 Adnotem
1341 4352 1511 4408 etiam
1544 4354 1732 4408 lunam
1778 4370 1814 4408 a
1847 4353 2073 4409 Francis
2108 4356 2442 4424 appellatam
2478 4371 2598 4410 esse
2636 4371 2670 4409 a
2703 4355 2885 4411 nitore
2918 4354 3059 4424 alciu,
3096 4372 3152 4411 v.

786 4443 1043 4499 Grimm
1078 4440 1115 4495 l.
1150 4439 1188 4497 1.
1222 4440 1254 4495 I
1300 4455 1353 4507 p.
1388 4438 1507 4494 584.
