3576 5085
547 338 653 425 17]
990 340 1072 393 De
1107 338 1391 392 stellarum
1429 337 1795 406 appellatione
1830 342 1889 393 et
1922 337 2192 424 religione
2226 339 2473 394 Romana
2791 341 2916 407 109

545 511 808 575 tantum
854 506 1104 588 ambigi
1146 506 1371 590 possit,
1430 510 1649 572 utrum
1709 525 1896 572 suum
1941 506 2219 573 nitorem
2265 525 2484 573 secum
2527 508 2782 585 afferat.
2827 529 2914 577 an

544 611 954 694 splendorem
1028 609 1161 675 diei
1238 610 1352 690 qui
1428 609 1872 690 subsequitur.
1987 609 2304 676 Attamen
2389 629 2510 693 ego
2585 613 2670 677 ad
2727 611 2913 677 illam

546 713 947 781 sententiam
1018 711 1575 794 pronuntiandam
1633 712 1944 779 inclinem
1959 763 1975 796 ,
2051 731 2197 779 cum
2271 712 2415 780 veri
2489 712 2766 780 similius
2823 714 2916 780 sit

543 815 914 900 primitivos
959 834 1120 895 quos
1151 833 1459 881 vocamus
1487 816 1761 897 populos
1792 815 1987 898 longe
2023 816 2209 897 prius
2238 817 2647 898 splendorem
2678 817 2916 883 stellae

545 918 876 1002 propriam
907 919 1296 984 observasse
1341 921 1411 982 et
1455 935 1572 983 suo
1600 916 1862 983 nomine
1892 918 2283 1001 appellasse,
2329 937 2522 999 quam
2567 918 2705 985 diei
2749 938 2913 985 nun·

544 1021 712 1089 tium
757 1040 898 1087 eam
941 1039 1088 1086 esse
1132 1020 1621 1103 intellegerent.

714 1125 1071 1205 Postquam
1099 1125 1274 1189 hanc
1302 1122 1485 1190 vocis
1514 1122 1701 1186 iubar
1730 1122 2052 1205 originem
2082 1124 2547 1207 intelleximuS,
2591 1143 2804 1205 pauca
2833 1126 2915 1191 de

544 1245 671 1293 usu
716 1226 855 1292 eius
914 1227 1251 1291 addamus
1352 1226 1575 1307 Atque
1632 1224 1910 1308 primum
1965 1225 2226 1306 quidem
2273 1244 2681 1310 quaeramuS,
2740 1229 2915 1293 unde

545 1329 791 1395 factum
837 1329 943 1411 sit,
989 1332 1065 1393 ut
1109 1328 1191 1393 de
1232 1328 1477 1392 iubaris·
1518 1346 1760 1411 genere
1809 1327 2241 1394 dissenserint
2269 1334 2550 1412 vetereS,
2594 1331 2748 1396 dum
2796 1335 2916 1397 aut

546 1431 908 1498 masculino
965 1435 1085 1496 aut
1149 1435 1385 1498 neutro
1444 1450 1688 1514 genere
1748 1437 2087 1513 usurpant.
2204 1431 2406 1497 Cuius
2466 1432 2565 1497 rei
2618 1434 2914 1514 exemplo

547 1553 688 1601 esse
733 1552 863 1600 non
906 1537 1127 1615 potest
1171 1533 1482 1599 iunctura
1525 1533 1648 1599 illa
1691 1534 2101 1617 Pacuviana,
2145 1553 2341 1617 quam
2388 1553 2593 1616 supra
2635 1554 2784 1618 pag.
2832 1538 2915 1601 14

547 1636 912 1720 attulimus,
946 1641 1154 1701 eccm-to
1195 1635 1489 1722 iubar-eff)
1577 1637 1708 1703 Sed
1751 1637 2182 1703 masculinum
2228 1656 2438 1720 genus
2483 1636 2548 1703 ei
2591 1637 2916 1704 tribuitur

546 1741 631 1806 ab
677 1739 891 1805 Ennio
937 1739 1133 1824 (Ann.
1166 1739 1320 1823 547)
1350 1740 1530 1804 albus
1555 1740 1743 1803 iubar
1780 1745 1852 1806 et
1881 1759 1924 1805 a
1951 1746 2148 1822 poeta
2192 1742 2306 1821 qui
2339 1744 2620 1806 Aetnam
2650 1759 2914 1806 carmen
3044 1746 3048 1750 '

545 1843 940 1924 conscripsit
982 1842 1209 1923 ibique
1266 1861 1328 1910 v.
1375 1844 1505 1908 334
1563 1845 1646 1908 de
1704 1842 1843 1909 sole
1901 1840 2095 1907 dicit:
2168 1844 2399 1906 rubens
2451 1846 2674 1924 suryat
2729 1843 2917 1907 iubar

545 1965 792 2011 aureus,
881 1946 1052 2011 Item
1096 1963 1308 2027 genus
1368 1944 1797 2011 masculinum
1842 1945 2291 2011 adhibuerunt
2351 1945 2552 2010 Anth.
2597 1944 2748 2010 Lat.
2786 1964 2915 2012 rec.

545 2049 626 2113 A.
671 2047 924 2113 Riese
967 2047 1005 2112 Ι
1048 2065 1149 2112 110.
1197 2048 1339 2130 197,
1376 2049 1449 2129 4;
1493 2046 1866 2114 Venantius
1905 2046 2319 2113 Fortunatus
2364 2051 2586 2129 (carm.
2631 2048 2739 2113 III
2780 2050 2841 2131 4,
2872 2050 2914 2114 2

546 2152 628 2217 de
696 2150 1134 2233 eloquentiae,
1202 2150 1311 2216 III
1357 2153 1412 2232 7,
1471 2151 1556 2216 44
1618 2152 1700 2216 de
1761 2149 1996 2232 templi
2059 2149 2341 2232 nitore).
2450 2151 2544 2215 At
2609 2156 2915 2218 neutrum

544 2273 753 2337 genus
797 2252 1087 2320 occurrit
1117 2255 1293 2336 apud
1322 2252 1708 2320 Lucretium
1739 2253 1803 2319 V
1830 2254 1956 2318 697
2004 2252 2122 2334 qui
2162 2251 2396 2319 scribit
2438 2254 2772 2317 tremulum
2814 2254 2914 2317 iu·

547 2357 663 2421 bar
703 2357 964 2421 haesitat
1008 2362 1078 2423 et
1122 2356 1336 2422 Varro
1397 2356 1564 2423 dicit
1607 2359 1689 2422 de
1732 2356 1775 2422 1.
1817 2357 1860 2421 1.
1904 2355 2003 2422 VI
2048 2358 2087 2420 7
2143 2357 2313 2419 inter
2351 2357 2815 2437 vesper-affinem
2858 2361 2917 2420 et

542 2459 748 2526 iubar.
838 2459 1038 2526 Cuius
1084 2458 1500 2526 differentiae
1562 2478 1826 2525 causam
1872 2476 1992 2541 ego
2052 2458 2222 2524 hanc
2281 2459 2685 2542 crediderim,
2743 2460 2917 2540 quod

546 2564 737 2629 brevi
765 2564 946 2631 vocis
977 2564 1164 2627 iubar
1201 2563 1641 2644 veriloquium
1670 2562 1862 2629 obliti
1891 2567 2049 2629 sunt
2077 2563 2374 2629 Romani.
2461 2562 2665 2629 Initio
2708 2563 2914 2638 iubar,

546 2668 660 2747 qui
703 2667 914 2733 lucem
952 2667 1103 2747 fert,
1142 2684 1351 2747 genus
1394 2667 1527 2732 sibi
1558 2668 1875 2747 poscebat
1905 2666 2369 2748 masculinum;
2416 2667 2653 2732 deinde
2694 2671 2915 2732 autem

547 2768 984 2835 similitudine
1029 2786 1261 2834 vocum
1306 2769 1531 2846 calcar,
1570 2769 1873 2847 pulvinar
1915 2769 2001 2833 ad
2058 2772 2368 2833 neutrum
2426 2787 2634 2850 genus
2691 2769 2916 2835 trahe-

545 2874 764 2936 batur.
852 2869 1042 2953 Quod
1085 2868 1201 2933 ubi
1243 2870 1445 2934 semel
1490 2869 1743 2934 factum
1803 2872 1922 2949 est,
1980 2873 2051 2934 et
2105 2869 2252 2950 ipsa
2310 2870 2616 2936 vocabuli
2673 2871 2916 2938 notitia

547 2973 964 3038 mutabatur:
1009 2972 1317 3054 neglecta
1346 2971 1832 3038 terminationis
1861 2970 1933 3038 vi
1964 2972 2046 3038 de
2075 2972 2291 3038 nitore
2328 2972 2465 3037 solo
2508 2973 2917 3053 cogitabant.

547 3074 765 3139 Huius
823 3074 922 3139 rei
980 3072 1431 3140 testimonium
1493 3076 1659 3140 dant
1719 3075 1910 3141 Calvi
1967 3081 2201 3157 poetae
2259 3076 2467 3140 verba
2524 3075 2728 3158 (PRF
2787 3093 2916 3140 rec.

546 3177 783 3243 Baehr.
813 3197 873 3259 p.
906 3177 1035 3243 320
1066 3178 1188 3259 frg.
1221 3177 1321 3260 5):
1365 3177 1737 3259 Hesperium
1758 3177 1809 3260 ²)
1854 3181 1997 3241 ante
2022 3177 2211 3241 iubar
2238 3181 2542 3258 quatiens.
2620 3178 2749 3243 Sed
2785 3196 2917 3244 non

545 3280 751 3345 solum
796 3279 1061 3345 luciferi
1092 3279 1505 3361 splendorem
1526 3280 1578 3364 ⁸)
1625 3281 1994 3346 efferebant
2037 3281 2164 3346 hac
2192 3300 2356 3347 voce
2400 3279 2523 3364 usi,
2564 3283 2677 3346 sed
2709 3281 2915 3347 etiam

544 3382 719 3466 solist,
764 3388 842 3449 ut
889 3383 1182 3449 Aetnaei
1225 3382 1539 3449 carminis
1597 3389 1830 3449 auctor
1886 3385 2074 3449 modo
2133 3384 2397 3467 allatus,
2458 3388 2530 3450 et
2588 3390 2918 3465 postremo

546 3485 904 3553 cuiuslibet
964 3486 1065 3552 rei
1132 3487 1446 3568 nitorem,
1512 3485 1581 3552 id
1648 3488 1823 3567 quod
1888 3506 1930 3552 a
1996 3485 2327 3553 Venantio
2393 3486 2640 3552 factum
2706 3486 2916 3553 vides.

546 3588 834 3670 Cumque
879 3587 1006 3654 tali
1049 3590 1238 3655 modo
1294 3608 1426 3657 vox
1469 3589 1655 3653 iubar
1711 3589 2074 3671 posteriore
2133 3608 2297 3655 aevo
2355 3608 2485 3655 non
2545 3589 2917 3655 necessario

547 3692 931 3758 cohaereret
960 3711 1103 3758 011111
1137 3692 1418 3758 Veneris
1458 3692 1672 3775 stella,
1714 3691 1961 3758 factum
2010 3697 2130 3775 est,
2175 3696 2255 3757 ut
2283 3692 2612 3773 paulatim
2656 3692 2917 3758 omnino

543 3812 673 3860 11011
718 3813 835 3877 pro
875 3794 999 3861 illa
1042 3799 1498 3877 usurparetur.
1584 3795 1830 3875 Neque,
1858 3795 1992 3861 iam
2036 3794 2401 3877 miraberis,
2462 3796 2632 3876 quod
2676 3795 2915 3861 Roma-

721 3982 760 4048 ¹)
797 3983 969 4050 Quam
1005 3987 1326 4052 receperunt
1361 3983 1528 4054 Verg.
1553 3984 1690 4040 Aen.
1726 3983 1810 4037 IV
1849 3983 1975 4052 ¹303
2012 3983 2314 4038 Columella
2347 3984 2416 4039 de
2450 4000 2512 4039 re
2535 3990 2670 4039 rust.
2707 3985 2759 4038 X
2795 3983 2913 4038 294.

717 4068 761 4138 ²)
796 4068 883 4166 1⁴31
920 4068 1152 4123 Aldinae
1175 4076 1500 4124 correctura.
1582 4069 1875 4138 Vesper-um
1911 4069 2002 4123 vel
2023 4068 2339 4138 Hesperum
2373 4069 2610 4140 codice83
2647 4085 2833 4140 vesper
2864 4069 2916 4124 it

545 4153 968 4308 Baehrgngtggin
1003 4239 1109 4294 tali
1141 4239 1298 4294 modo
1335 4240 1657 4296 extulerunt
1690 4241 1856 4296 etiam
1894 4241 2085 4295 Claud.
2116 4241 2252 4295 XIV
2275 4241 2339 4311 23
2374 4241 2592 4296 Paulin.
2627 4241 2818 4295 Nolan.
2868 4255 2913 4296 0.

542 4324 677 4379 XIX
711 4325 813 4378 222
850 4326 1026 4395 (Corp.
1064 4325 1249 4393 script.
1285 4325 1409 4380 eccl.
1446 4325 1546 4381 lat.
1582 4326 1739 4381 XXX
1774 4343 1825 4395 p.
1866 4326 1993 4382 126:
2036 4326 2244 4381 laetum
2277 4326 2445 4382 iubar
2478 4326 2723 4394 emerit).

646 4425 1284 4483 Religionageschichtliehe
1310 4426 1552 4472 Versnche
1577 4438 1625 4472 11.
1654 4427 1976 4474 Vorarbeiten
2001 4428 2087 4473 111.
2568 4410 2605 4463 8
