3576 5085
681 419 811 484 228
1580 414 1884 469 Guilelmus
1920 416 2137 472 Gundel
2895 416 3055 506 [136

685 581 853 673 quae
896 586 1190 654 interdiu
1226 586 1639 652 remanentia
1683 586 1900 669 (Lucr.
1931 586 1992 653 V
2021 587 2173 672 623)
2221 590 2290 653 et
2335 588 2507 654 caeli
2549 587 2880 655 rotatione
2924 588 3054 656 cir·

684 690 1061 757 cumvoluta
1120 689 1278 756 solis
1348 687 1553 754 radiis
1620 689 2060 754 obscurantur
2126 689 2322 774 (Plin.
2380 688 2533 756 Nat.
2591 691 2743 756 hist
2802 691 2875 756 H
2933 693 3047 773 583

683 794 973 861 Macrob.
1017 791 1155 859 Sat.
1201 792 1234 857 Ι
1278 792 1393 873 23;
1439 791 1619 859 Serv.
1664 793 1750 857 ad
1795 792 1994 873 Verg.
2041 794 2203 858 Aen.
2263 792 2337 858 Il
2382 793 2553 877 152).
2654 793 2755 859 De
2797 793 3054 876 origine

683 898 912 963 horum
968 913 1307 977 corporum
1369 893 1714 978 ambigunt
1758 894 2124 976 sapientes:
2186 900 2305 960 aut
2363 914 2405 960 a
2450 896 2571 961 deo
2624 901 2779 961 sunt
2825 900 3054 963 creata

686 999 889 1085 (FPR
936 1018 1082 1082 pag.
1143 999 1327 1081 349),
1387 1002 1506 1064 aut
1565 998 1838 1064 aethere
1903 996 2269 1080 gignuntur
2332 997 2544 1078 (Lucr.
2606 998 2640 1063 Ι
2700 999 2858 1079 231;
2920 998 3053 1067 Cic.

684 1106 824 1169 nat.
882 1104 1053 1168 deor.
1114 1101 1186 1166 ΙΙ
1231 1102 1338 1182 92)
1412 1104 1531 1166 aut
1589 1119 1626 1165 e
1686 1099 2041 1181 vaporibus
2091 1099 2377 1166 terrenis
2439 1105 2506 1166 et
2566 1100 2838 1166 marinis
2904 1119 3050 1168 con-

685 1206 928 1272 sistunt
958 1204 1112 1289 (Cic.
1144 1205 1226 1269 de
1256 1208 1390 1269 nat.
1422 1204 1591 1269 deor.
1624 1203 1695 1268 ΙΙ
1726 1204 1881 1283 118,
1927 1202 2112 1269 Serv.
2145 1205 2308 1268 Aen.
2339 1203 2372 1267 I
2402 1203 2573 1287 608).
2661 1204 2722 1269 Ε
2752 1203 3053 1270 flammea

686 1312 932 1374 natura
963 1307 1273 1371 dicuntur
1303 1323 1621 1387 persaepe
1651 1304 1861 1388 igneS,
1891 1305 2211 1388 flammae,
2240 1304 2506 1386 lumina,
2538 1307 2737 1371 luces
2812 1306 3055 1372 Elucet

684 1410 850 1475 haec
891 1408 1112 1490 opinio
1158 1427 1240 1473 ex
1284 1407 1632 1488 permultis
1681 1407 2011 1489 epithetis,
2057 1426 2324 1488 quorum
2369 1426 2515 1473 cum
2569 1411 2886 1474 sexcenta
2916 1408 3056 1474 sint

684 1513 848 1578 haec
891 1510 1128 1577 afferre
1157 1510 1322 1576 satis
1347 1509 1473 1575 sit.
1547 1508 1906 1574 Dicuntur:
1956 1510 2188 1579 fervidi
2230 1511 2401 1593 iqnes
2443 1512 2659 1590 (Varr.
2711 1516 2840 1577 sat.
2884 1529 3052 1577 men.

688 1614 876 1696 fi‘gm.
912 1614 1057 1697 269,
1089 1614 1186 1698 2);
1236 1614 1527 1676 micantes
1568 1612 1772 1676 stellae
1817 1613 2036 1695 (Lucr.
2068 1614 2128 1680 V
2162 1613 2387 1695 1205);
2433 1619 2559 1677 tota
2593 1613 2802 1677 calida
2831 1618 2887 1677 et
2907 1633 3055 1694 per-

688 1717 899 1782 lucida
933 1716 1139 1781 sidera
1183 1715 1338 1801 (Cic.
1384 1717 1465 1781 de
1508 1720 1645 1781 nat.
1691 1717 1865 1782 deor.
1909 1716 1980 1782 II
2017 1715 2161 1800 39);
2206 1736 2402 1779 aurea
2445 1722 2623 1779 astra
2652 1715 2867 1800 (ovid.
2896 1716 3058 1782 Met.

686 1820 820 1885 VH
850 1819 1035 1904 192);
1079 1821 1261 1904 iqnea
1304 1819 1516 1883 sidera
1558 1819 1753 1904 (Stat.
1799 1819 2004 1885 Theb.
2036 1819 2071 1883 I
2101 1819 2285 1903 499);
2329 1838 2584 1882 corusca
2625 1819 2835 1882 sidera
2873 1818 3055 1904 (Rut.

687 1923 873 1988 Nam.
928 1922 962 1987 I
1022 1924 1180 2004 645,
1239 1921 1426 1987 PLM
1485 1922 1546 1987 V
1604 1941 1753 2004 pag.
1813 1923 1947 2006 27);
2007 1921 2252 1984 divinae
2326 1928 2382 1984 et
2436 1922 2819 1985 immortales
2889 1923 3055 1985 viva-

690 2028 901 2089 citates
938 2026 1185 2109 iqnium
1229 2024 1444 2110 (Apul.
1484 2026 1565 2090 de
1610 2027 1848 2091 mundo
1881 2042 2017 2105 cap.
2048 2025 2087 2088 2
2121 2025 2218 2090 ed.
2250 2023 2711 2108 Hildebrand),
2757 2026 3058 2088 micantes

681 2127 850 2212 qlobi
905 2134 959 2191 et
1017 2127 1265 2191 assidue
1319 2127 1631 2208 fulyentes
1689 2126 2020 2210 (Cyprian.
2084 2127 2165 2191 de
2218 2131 2521 2208 spectac,
2582 2126 2769 2208 Corp.
2830 2127 3054 2209 script.

685 2230 841 2294 eccl.
885 2230 1000 2296 lat.
1045 2231 1151 2294 ΠΙ
1193 2231 1233 2295 3
1278 2249 1424 2312 pag.
1470 2231 1571 2311 11,
1617 2229 1742 2314 13).

858 2332 990 2397 Sed
1035 2332 1093 2396 si
1136 2331 1371 2397 stellae
1409 2349 1681 2412 corpora
1725 2338 1916 2398 erant
1949 2332 2186 2398 animis
2217 2335 2467 2426 orbata,
2511 2351 2685 2399 nova
2715 2333 3055 2401 oriebatur

688 2434 1008 2516 quaestio,
1054 2436 1368 2514 quomodo
1412 2440 1849 2501 moverentur.
1938 2435 2056 2501 Cui
2103 2440 2364 2503 veteres
2422 2438 2822 2518 respondere
2888 2437 3053 2503 sole-

685 2540 853 2605 bant
896 2542 1014 2603 aut
1059 2557 1100 2603 a
1146 2538 1265 2603 deo
1311 2556 1608 2619 supremo
1653 2541 1771 2604 aut
1815 2557 1935 2620 per
1976 2545 2264 2605 rectores
2304 2558 2345 2604 a
2376 2540 2494 2605 deo
2525 2538 2808 2623 singulis
2854 2539 3054 2606 astris

689 2640 1080 2707 constitutos
1141 2639 1394 2725 (Manil.
1454 2641 1525 2706 II
1576 2641 1746 2723 434).
1848 2641 1944 2707 Et
2000 2642 2123 2707 hoc
2166 2641 2450 2708 ulterius
2503 2661 2886 2724 responsum
2943 2644 3054 2709 vel

687 2743 1210 2810 Christianorum
1241 2743 1572 2810 nonnullis
1612 2750 1954 2826 acceptum
1983 2744 2133 2827 fuit,
2179 2764 2452 2827 quorum
2497 2744 2662 2811 dicit
2691 2745 3052 2812 Filastrius

686 2846 729 2913 l.
773 2866 824 2913 c.
870 2866 1009 2929 cap.
1055 2846 1178 2912 133
1210 2846 1432 2912 sidera
1477 2846 1643 2912 caeli
1683 2852 2073 2912 ornamenta
2116 2866 2157 2912 a
2196 2849 2316 2913 deo
2348 2846 2716 2913 constituta
2760 2866 2902 2914 esse
2932 2849 3055 2931 ita,

688 2955 761 3014 ut
789 2971 820 3015 e
849 2949 1072 3034 quibus
1117 2951 1265 3014 locis
1292 2951 1458 3013 exire
1501 2949 1792 3014 iubentur
1836 2949 2065 3032 cotidie,
2109 2949 2195 3013 ad
2237 2970 2307 3013 ea
2353 2951 2483 3015 loca-
2526 2955 2917 3015 revertantur
2943 2953 3052 3015 ite-2

688 3072 833 3115 rum
861 3051 1249 3133 praesidente
1270 3052 1487 3135 anqelo
1510 3056 1567 3114 et
1588 3052 1995 3136 compellente,
2026 3072 2218 3136 neque
2240 3054 2486 3132 possint
2506 3072 2762 3117 cursum
2782 3052 3055 3117 debitum
3178 3131 3183 3134 Ι

680 3156 1024 3236 praeterire
1067 3153 1242 3217 nullo
1287 3153 1481 3219 mode.
1567 3153 1705 3219 Alii
1748 3155 1936 3222 velut
1973 3154 2351 3221 Theodorus
2398 3154 2665 3236 quidam
2710 3155 3054 3237 episcopus

691 3257 773 3323 de
816 3255 921 3322 his
964 3255 1342 3341 angelorum
1388 3256 1768 3323 muneribus
1819 3256 2033 3322 fusius
2079 3256 2537 3324 disseruerunt
2580 3260 3066 3325 contendentes·

688 3361 797 3428 vel
841 3360 925 3426 ab
970 3359 1066 3426 eis
1110 3358 1296 3425 trahi
1355 3359 1464 3425 vel
1521 3379 1563 3424 a
1605 3363 1795 3442 tergo
1855 3360 2066 3441 premi
2125 3360 2235 3425 vel
2293 3359 2540 3427 umeris
2599 3360 2762 3426 ferri
2807 3360 3057 3443 stellas,

690 3482 752 3531 v.
797 3462 1049 3545 Piper
1107 3463 1148 3528 1.
1209 3462 1251 3527 1.
1302 3480 1451 3544 pag.
1511 3460 1717 3545 208³)
1836 3462 2080 3528 Contra
2140 3481 2337 3544 quam
2399 3461 2767 3545 opinionem
2826 3467 3060 3545 postea

687 3632 746 3685 Π
784 3631 910 3698 123;
949 3630 1105 3686 Ovid.
1131 3631 1260 3685 Met.
1286 3631 1345 3684 II
1367 3629 1495 3698 2053
1534 3630 1655 3686 Sen.
1681 3630 1809 3686 Nat.
1847 3637 2058 3699 quaest.
2082 3632 2112 3685 I
2139 3631 2221 3699 12,
2259 3632 2320 3700 2;
2357 3632 2500 3687 Pliu.
2536 3631 2663 3687 Nat.
2700 3632 2827 3688 hist.
2864 3633 3062 3688 XVIII

689 3716 795 3771 208
828 3715 999 3786 (stata
1033 3715 1219 3781 sidera
1255 3715 1502 3784 caeloque
1536 3715 1777 3785 adfiaea);
1814 3716 2005 3771 Isidor.
2031 3716 2167 3785 orig.
2204 3717 2294 3771 111
2320 3717 2402 3784 70,
2428 3718 2477 3785 3,
2513 3717 2736 3773 Filastr.
2772 3717 2882 3773 div.
2907 3718 3058 3774 haer.

689 3803 791 3857 133
827 3802 1003 3872 (Corp.
1028 3801 1214 3870 script.
1240 3803 1424 3857 eccles,
1450 3801 1546 3858 lat.
1572 3802 1871 3857 XXXVIII
1894 3818 2020 3871 pag.
2048 3801 2186 3871 102).
2258 3802 2502 3870 Cumque
2536 3803 2639 3858 hae
2675 3803 2890 3858 adfixae
2924 3803 3058 3873 sint,

687 3887 879 3944 stellae
913 3887 1167 3943 cadentes
1203 3892 1334 3943 sunt
1368 3888 1599 3943 refixae:
1636 3887 1807 3958 Verg.
1843 3888 1978 3943 Aen.
2014 3888 2067 3942 V
2101 3886 2220 3956 526,
2257 3887 2386 3943 Hor.
2424 3888 2574 3957 epod.
2612 3887 2780 3943 XVII
2814 3888 2864 3942 5.

862 3973 902 4040 ¹)
938 3973 1103 4027 Medii
1138 3972 1263 4027 aevi
1299 3973 1392 4041 qui
1415 3973 1641 4029 fuerunt
1662 3973 1908 4028 homines
1944 3972 2208 4041 imprimis
2231 3972 2359 4028 huic
2383 3972 2661 4029 doctrinae
2684 3972 2857 4029 dediti
2880 3980 3061 4029 erant.

691 4060 806 4115 Hoc
841 4059 1020 4113 elucet
1054 4074 1122 4113 ex
1157 4059 1404 4114 versibus
1440 4059 1616 4114 hisce:

1304 4144 1413 4198 seit
1445 4143 1535 4198 ein
1570 4143 1736 4213 iqlich
1768 4142 1937 4197 Stern
1970 4143 2072 4198 hat

1308 4229 1468 4284 einen
1503 4230 1696 4300 Enqel,
1733 4229 1852 4284 d'in
1885 4245 1962 4284 an
1996 4229 2086 4284 die
2119 4231 2238 4284 stat

1162 4370 1169 4376 .
1305 4315 1488 4383 heizet,
1525 4316 1593 4371 do
1630 4333 1689 4370 er
1721 4315 1840 4370 hin*
1859 4316 1943 4370 sol
1972 4332 2092 4385 qen.

688 4402 804 4457 Hos
839 4400 1000 4456 affert
1035 4401 1097 4455 F.
1133 4400 1298 4471 Piper
1331 4402 1369 4458 1.
1405 4401 1443 4456 l.
1478 4418 1606 4472 pag.
1645 4401 1765 4456 209.
