3576 5085
505 424 613 513 43]
949 427 1030 479 De
1068 426 1350 481 stellarum
1388 427 1753 496 appella-tione
1792 432 1848 482 et
1884 429 2149 498 religione
2186 431 2433 485 Romana
2753 438 2876 501 135

507 597 652 662 Tali
720 599 904 663 modo
965 616 999 661 e
1062 617 1247 663 sacro
1310 599 1544 664 canino
1613 619 1753 665 cum
1832 601 2166 681 explicare
2247 603 2407 668 mihi
2482 605 2663 671 visus
2736 606 2875 689 sim,

504 699 740 779 quibus
815 700 1399 780 superstitionibus
1474 702 1774 768 commoti
1837 704 2079 769 Sirium
2149 707 2636 786 appellaverint
2697 709 2874 773 cani-

503 804 729 885 culam,
776 804 1032 885 gaudeo
1062 822 1163 869 me
1196 804 1319 869 hac
1350 803 1418 869 in
1451 824 1521 870 re
1554 805 1774 871 facere
1809 826 1950 871 cum
1994 826 2067 872 60
2113 809 2224 888 qui
2252 809 2643 876 novissimus
2670 812 2875 878 Grae-

503 924 720 971 corum
745 906 990 971 similes
1021 906 1374 989 religiones
1409 908 1693 991 collegit,
1727 909 1779 973 O
1802 914 2042 975 ttone
2083 911 2309 992 Grup
2329 932 2439 993 pe.
2486 913 2552 977 Is
2577 913 2746 979 enim
2769 916 2873 981 his

504 1010 726 1075 verbis
775 1009 990 1074 utitur
1046 1009 1318 1093 (Griech.
1359 1010 1558 1091 Myth.
1619 1011 1756 1074 und
1801 1012 2321 1094 Reliyz'onsycsclz.
2388 1036 2448 1097 p.
2494 1017 2677 1099 803):
2738 1016 2877 1080 Der

502 1110 661 1174 nach
705 1111 971 1174 antihem
1026 1111 1114 1175 W
1108 1111 1233 1175 alm
1293 1112 1479 1175 Hitze
1535 1112 1670 1176 und
1711 1113 1857 1177 Post
1914 1115 2251 1196 brinyende
2293 1117 2478 1181 δέοντι
2535 1119 2617 1181 ist
2673 1119 2872 1182 wahr-

500 1212 827 1277 scheinlich
874 1212 1120 1276 (Zeslzalb
1165 1215 1266 1275 ein
1311 1214 1686 1278 Humlstern
1728 1217 2066 1299 yeworden,
2113 1220 2245 1282 weil
2290 1240 2439 1282 man
2479 1220 2697 1283 Πᾶν-νο
2740 1222 2877 1285 und

506 1314 774 1379 Seuchen
834 1317 929 1378 als
998 1315 1098 1378 die
1165 1316 1474 1398 Wirlcwny
1535 1318 2063 1383 lzundec‘ilmlieher
2119 1320 2448 1385 Dc‘imonen
2506 1324 2874 1389 betrachtete.

504 1417 638 1483 Hic
684 1423 788 1483 est
820 1418 1213 1485 Graecorum
1254 1422 1437 1503 κύων,
1488 1440 1678 1501 quem
1711 1422 1989 1487 Romani
2035 1443 2316 1490 canem
2351 1427 2874 1507 appellaverunt.

677 1521 806 1587 Sed
833 1521 966 1586 iam
998 1542 1390 1602 quaeramus
1422 1542 1687 1590 necesse
1718 1532 1839 1607 est,
1870 1545 2084 1591 nonne
2127 1527 2264 1593 alia
2296 1548 2553 1608 quoque
2585 1529 2875 1611 vestigia

504 1623 877 1705 opinionum
955 1644 1098 1690 cum
1161 1625 1331 1691 Sirio
1399 1645 1836 1693 connexarum
1894 1629 2200 1713 exte11t.¹)
2305 1631 2530 1710 Atque
2594 1631 2874 1712 primum

503 1727 762 1807 quidem
796 1730 1035 1793 addam
1061 1735 1128 1793 et
1158 1731 1238 1794 de
1262 1735 1556 1809 tempore
1582 1734 1651 1795 et
1676 1733 1756 1795 de
1792 1731 1947 1812 loce,
1984 1731 2097 1796 ubi
2121 1732 2513 1798 sacrificium
2539 1735 2874 1798 canarium

503 1830 738 1895 stellae
785 1830 1059 1895 caninae
1121 1830 1538 1913 offerebatur,
1593 1832 1907 1897 certiores
1969 1851 2087 1897 nos
2132 1834 2278 1897 fieri
2322 1843 2624 1900 veterum
2687 1836 2872 1901 testi·

503 1932 752 1997 moniis.
842 1933 941 1997 De
974 1937 1267 2012 tempore
1315 1933 1480 1997 dicit
1517 1933 1774 1998 Plinius
1807 1934 1958 1998 Nat.
1991 1934 2143 1999 hist.
2176 1936 2414 2001 XVIII
2449 1940 2560 2001 14:
2606 1940 2875 2018 auyurio

506 2035 760 2097 canario
819 2034 1054 2115 ayendo
1115 2035 1248 2098 dies
1305 2037 1766 2099 constituantur
1816 2040 2192 2117 priusquam
2248 2038 2573 2118 frumenta
2632 2041 2877 2121 vaqinis

505 2141 721 2199 exeant
768 2141 824 2199 et
867 2142 1199 2218 antequam
1245 2140 1316 2201 in
1353 2139 1614 2218 vayiuas
1646 2141 2031 2219 perveniant.
2095 2141 2397 2206 Fuerunt
2428 2142 2637 2224 igitur
2667 2143 2874 2208 feriae

503 2239 928 2320 conceptivae
975 2241 1204 2306 adulta
1273 2246 1532 2307 aestate
1585 2241 1963 2307 celebratae
1986 2244 2037 2328 2)
2098 2248 2166 2307 et
2212 2263 2352 2309 cum
2402 2245 2681 2326 augurio
2727 2265 2873 2311 con·

502 2341 784 2409 iunctae.
847 2344 1167 2426 Quoniam
1198 2364 1356 2411 vero
1389 2344 1667 2426 augurio
1691 2364 1799 2410 res
1830 2345 2091 2411 futuras
2116 2348 2554 2427 explorabant
2577 2348 2873 2428 Romani,

504 2445 718 2511 simile
761 2445 917 2526 quid
963 2447 1083 2511 hoc
1128 2447 1447 2513 sacrificio
1495 2448 1711 2530 egisse
1757 2449 2090 2529 videntur,
2138 2454 2340 2530 atque
2387 2469 2555 2530 quae
2602 2452 2682 2515 de
2728 2450 2874 2516 Ceis

507 2548 658 2632 (Cic.
703 2551 785 2615 de
830 2549 960 2615 div.
1002 2552 1036 2615 I
1083 2551 1237 2632 1303
1293 2552 1487 2616 schol.
1534 2552 1748 2632 Apoll.
1795 2553 2000 2618 Rhod.
2045 2553 2117 2617 II
2161 2553 2331 2637 498),
2395 2555 2475 2618 de
2523 2553 2874 2636 Aegyptiis

507 2652 784 2736 (Pallad.
831 2654 930 2719 rei
975 2661 1136 2718 rust.
1169 2654 1301 2719 VII
1334 2656 1417 2736 9),
1473 2658 1554 2720 de
1603 2656 1869 2720 Tauriis
1916 2657 2115 2738 (Man.
2149 2656 2183 2719 I
2214 2657 2365 2741 402)
2411 2661 2875 2738 memorantur,

507 2754 618 2834 qui
664 2774 745 2819 ex
773 2761 923 2820 ortu
969 2756 1313 2820 caniculae
1345 2762 1648 2822 eventum
1697 2757 1856 2821 anni
1886 2757 2434 2838 praesagiebant3
2483 2777 2563 2823 ex
2594 2759 2698 2824 his
2729 2778 2874 2824 con·

510 2857 772 2921 cludere
846 2857 1004 2921 licet
1071 2861 1307 2939 gentes
1379 2858 1532 2923 illas
1592 2859 1928 2923 caniculae
1988 2859 2279 2926 divinam
2354 2863 2682 2940 quandam
2742 2860 2875 2927 vim

509 2958 843 3040 tribuisse,
889 2979 1018 3039 qua
1064 2965 1180 3025 aut
1225 2961 1490 3026 iuvaret
1549 2967 1664 3026 aut
1710 2965 2023 3043 perderet
2068 2969 2347 3045 segetes,
2416 2981 2585 3042 quae
2640 2963 2876 3045 religio

509 3079 546 3126 e
591 3065 836 3126 natura
880 3062 1118 3128 sideris
1162 3063 1359 3128 facile
1407 3064 1851 3149 explicatur.²³)
1945 3065 2377 3145 Conceptivas
2423 3064 2627 3131 fuisse
2673 3064 2876 3131 ferias

510 3164 782 3228 caninas
830 3165 1200 3244 antiquitus
1246 3165 1501 3231 Plinius
1547 3167 1791 3231 tradit:
1839 3168 2010 3231 unde
2059 3172 2340 3248 apparet
2393 3186 2518 3233 non
2572 3172 2877 3249 spectare

509 3266 594 3330 ad
655 3265 1000 3347 augurium
1063 3269 1434 3351 canarium,
1490 3288 1659 3349 quae
1719 3270 2036 3351 leguntur
2095 3273 2271 3351 apud
2327 3271 2416 3335 Ιο.
2477 3271 2735 3352 Lydum
2795 3274 2877 3336 de

506 3387 705 3433 mens
752 3389 813 3449 p.
861 3371 1002 3452 152,
1047 3371 1126 3435 21
1155 3371 1242 3436 W
1245 3396 1289 3435 .:
1357 3381 1429 3454 τῇ
1476 3369 1608 3456 πρὸ
1653 3382 1848 3452 τριῶν
1892 3378 2133 3434 Νωνῶν
2174 3373 2562 3455 Αὐγούστων
2606 3370 2878 3457 ἀνῄρουν

507 3469 844 3546 ἀκωλύτως
867 3469 932 3535 ἓν
962 3471 1174 3555 Ῥώμῃ
1193 3472 1342 3548 τοὺς
1367 3475 1574 3557 κύνας,
1601 3526 1613 3539 .
1639 3526 1651 3538 .
1677 3526 1690 3540 .
1715 3471 1821 3536 ἵνα
1842 3472 1927 3558 μὴ
1949 3473 2287 3550 λυττῶντες
2315 3474 2461 3551 τοὺς
2484 3475 2878 3560 ἀνθρώπους

501 3572 857 3649 βλάπτωσι.
945 3585 1283 3659 τηνικαῦτα
1329 3575 1450 3660 γὰρ
1497 3573 1530 3639 ὃ
1576 3578 1833 3661 Σείριος
1876 3575 2228 3654 α’νατέλλει,
2278 3577 2349 3652 ὃς
2394 3577 2501 3640 καὶ
2551 3576 2732 3641 δοκεῖ
2769 3586 2877 3662 τῆς

683 3745 722 3812 1)
762 3745 914 3800 Alios
953 3762 1164 3813 quoque
1197 3747 1396 3801 Italiae
1431 3753 1625 3815 gentes
1651 3747 1850 3801 Sirium
1878 3754 2166 3803 veneratas
2192 3764 2307 3802 esse
2334 3749 2589 3803 discimus
2614 3765 2641 3803 e
2668 3748 2878 3804 Valerii

508 3828 689 3883 Flacci
727 3831 905 3886 verbis
943 3833 1077 3901 Arg.
1115 3834 1145 3887 Ι
1181 3833 1281 3886 682
1298 3849 1439 3901 sqq.:

1126 3919 1202 3972 sic
1238 3935 1360 3972 cum
1398 3919 1633 3973 stabulis
1669 3923 1728 3973 et
1763 3918 2027 3973 messibus
2064 3919 2259 3987 ingens

918 4002 1001 4056 ira
1037 4004 1197 4058 deum
1235 4011 1292 4059 et
1330 4005 1548 4059 Calabri
1583 4005 1873 4073 populator
1909 4004 2081 4058 Sirius
2119 4005 2239 4058 arvi

919 4088 1181 4158 incubuit,
1220 4091 1328 4144 coit
1366 4097 1650 4159 agrestum
1686 4107 1881 4144 manus
1920 4090 2084 4143 anxia
2119 4091 2358 4158 priscum

918 4174 975 4228 in
1012 4192 1202 4229 nemus
1239 4183 1296 4230 et
1332 4176 1545 4230 miseris
1582 4176 1760 4230 dictat
1797 4176 1889 4244 pia
1926 4180 2057 4230 vota
2093 4177 2358 4231 sacerdos.

681 4257 721 4326 ²)
761 4275 811 4314 v,
850 4259 913 4316 G.
952 4262 1294 4315 Wissowa
1328 4262 1384 4315 in
1422 4261 1817 4329 Real-Encycl.
1856 4262 1912 4315 II
1950 4261 2100 4314 2329.

680 4343 720 4414 ³)
759 4345 911 4400 Alias
949 4347 1214 4415 nationes,
1263 4346 1456 4414 quibus
1493 4347 1664 4401 Sirius
1712 4347 1769 4401 in
1818 4348 1972 4402 cultu
2021 4353 2157 4414 erat,
2207 4355 2492 4402 enumerat
2540 4348 2600 4400 L.
2637 4345 2875 4400 Ideler

502 4431 537 4484 1.
575 4443 616 4485 s,
654 4448 781 4500 pag.
820 4432 937 4485 244.
