3576 5085
496 432 602 520 11]
936 433 1020 487 De
1054 432 1338 488 stellarum
1375 430 1746 500 appellatione
1779 434 1840 485 et
1871 430 2137 500 religione
2171 432 2422 486 Romana
2739 433 2864 499 103

494 601 815 671 materiae
873 601 1210 669 cuiusdam
1284 599 1667 683 superficies
1728 602 2037 667 affectum
2098 601 2387 683 aliquem
2446 621 2680 686 passa,
2735 620 2863 683 quo

492 704 983 789 inspicientium
1043 708 1165 771 aut
1218 703 1694 787 attingentium
1752 708 1975 770 tactus
2022 708 2141 770 aut
2202 705 2385 772 visus
2438 705 2867 773 vehementer

486 808 888 877 afficiuntur.
995 807 1207 890 Quae·
1242 825 1384 873 cum
1428 806 1531 873 ita
1595 807 1749 888 sint,
1808 805 2224 873 coniecturae
2267 807 2407 874 loco
2466 808 2864 880 sententiam

489 930 701 978 meam
731 911 1076 994 proferam,
1113 908 1421 992 primitus
1458 927 1670 989 neque
1698 915 1960 991 tempus
1989 928 2203 991 neque
2231 909 2433 993 siduS,
2462 911 2581 976 sed
2611 910 2863 980 caelum

489 1013 941 1095 vespertinum
1032 1011 1321 1094 caligine
1396 1010 1862 1077 circumfusum
1888 1012 1939 1096 ¹)
2028 1030 2377 1093 vesperum
2458 1013 2863 1094 appellatum

492 1116 715 1199 fuisse,
759 1117 936 1182 unde
979 1115 1196 1198 stella,
1253 1113 1438 1181 cuius
1501 1118 1736 1180 exortu
1794 1114 2176 1196 superficies
2236 1113 2545 1181 caelestis
2604 1119 2864 1181 mutata

494 1218 870 1299 videbatur,
914 1236 1151 1284 nomen
1179 1215 1637 1300 vesperuginis
1668 1217 1946 1298 accepit.
2033 1217 2203 1283 Nam
2233 1217 2426 1289 huius
2454 1218 2865 1299 splendorem

490 1325 896 1403 quantopere
938 1324 1202 1387 veteres
1258 1318 1569 1386 admirati
1625 1317 1780 1397 sint,
1841 1319 2046 1385 Plinii
2103 1321 2311 1387 verba
2363 1321 2603 1386 docent
2660 1320 2737 1386 N.
2781 1319 2864 1385 H.

491 1424 564 1490 II
610 1425 726 1491 37:
773 1422 1211 1504 maynitudine
1252 1427 1428 1486 extra
1458 1426 1680 1487 cuncta
1708 1423 1841 1486 alia
1881 1421 2090 1487 sidera
2118 1427 2221 1504 est,
2267 1422 2576 1487 claritatis
2617 1421 2864 1504 quidem

493 1531 703 1591 tantae
743 1531 816 1590 ut
856 1527 1053 1590 anias
1095 1526 1287 1591 huius
1313 1526 1528 1591 stellae
1572 1524 1778 1590 radiis
1819 1525 2077 1589 umbrae
2101 1524 2466 1591 reddantur.
2476 1526 2525 1610 2)
2572 1563 2576 1566 -
2614 1525 2865 1608 Quodsi

492 1628 1019 1715 praemittuntur
1072 1649 1113 1694 a
1155 1629 1375 1695 Plinio
1419 1629 1628 1697 verba
1672 1629 1837 1694 haec
1884 1625 2049 1715 [36]:
2093 1632 2502 1709 nuncupatur
2540 1647 2753 1711 vesper
2793 1632 2867 1692 at

481 1751 833 1815 proroqans
871 1733 1066 1796 lucem
1093 1733 1401 1813 vicemque
1430 1732 1618 1796 lanae
1643 1730 1923 1814 reddens,
1968 1750 2048 1797 ea
2090 1731 2303 1797 lusum
2350 1730 2691 1797 continent
2715 1732 2865 1813 ety-

490 1834 892 1916 mologicum,
941 1853 1133 1916 quem
1160 1852 1279 1900 nos
1310 1834 1445 1899 iam
1486 1852 1619 1901 non
1660 1833 2089 1915 assequimur,
2134 1833 2290 1913 quia
2318 1832 2578 1898 Plinius
2608 1833 2865 1899 omissis

491 1936 774 2017 propriis
819 1935 1064 2002 altiora
1107 1935 1432 2002 vocabula
1473 1953 1724 2017 ponens
1767 1932 2168 2000 sententiam
2209 1934 2675 2016 pessumdedit.
2683 1933 2735 2020 ⁸)

668 2038 796 2104 Sed
843 2041 999 2104 utut
1040 2038 1207 2103 haec
1259 2041 1433 2120 sunt,
1483 2035 1553 2102 id
1593 2036 1786 2102 nobis
1847 2055 1884 2102 e
1943 2035 2464 2102 testimoniorum
2510 2040 2865 2117 conspectu

491 2159 696 2223 supra
738 2141 944 2207 allato
975 2140 1323 2222 constabit,
1364 2158 1693 2222 vesperuyo
1736 2157 1963 2208 vocem
2008 2139 2141 2205 iam
2183 2137 2421 2221 priscis
2459 2137 2863 2220 temporibus

489 2249 695 2311 ortam
728 2242 962 2325 paucis
994 2246 1257 2309 tantum
1287 2243 1358 2308 in
1389 2261 1513 2308 usu
1543 2241 1752 2308 fuisse
1784 2245 1853 2308 et
1882 2260 2033 2308 mox
2063 2240 2322 2307 omnino
2351 2239 2664 2322 usurpari
2693 2240 2864 2307 desi-

487 2347 638 2414 isse.
726 2347 972 2413 Contra
1011 2365 1219 2427 oesper
1274 2348 1345 2412 et
1401 2365 1653 2427 vespera
1710 2344 2011 2410 omnibus
2069 2344 2489 2425 temporibus,
2548 2343 2864 2424 quamdiu

491 2452 684 2516 erant
742 2449 1041 2531 Romani,
1103 2448 1442 2530 vigebant.
1560 2447 1657 2514 Et
1736 2446 1893 2513 inde
1957 2446 2028 2512 in
2095 2445 2532 2513 recentiorum
2599 2445 2865 2528 linguas

490 2552 920 2636 transierunt,
963 2552 1064 2619 ita
1107 2552 1370 2633 quidem
1412 2556 1489 2618 ut
1546 2571 1753 2633 vesper
1807 2556 1878 2617 et
1922 2550 2107 2616 sidus
2150 2555 2220 2616 et-
2277 2555 2540 2631 tempus
2578 2566 2865 2630 ‚vesper-

488 2657 701 2724 tinum
733 2655 1161 2739 significaret,
1202 2674 1452 2736 vespera
1495 2659 1565 2721 et
1593 2660 1859 2736 tempus
1904 2657 1977 2719 et
2019 2651 2303 2719 officium
2341 2650 2864 2718 Christianorum

490 2760 612 2826 deo
665 2777 944 2840 vespere
994 2758 1287 2823 oblatum
1346 2757 1433 2840 (A
1447 2758 1509 2822 d.
1573 2756 1641 2821 H
1659 2775 1773 2822 em
1792 2775 1855 2821 m
1873 2774 1910 2821 e
1986 2754 2131 2819 Das
2188 2754 2539 2819 lateinische
2593 2752 2864 2835 spraehe

492 2860 780 2923 material
824 2861 910 2922 im
962 2857 1381 2923 Wortschatze
1421 2857 1536 2921 der
1577 2856 1921 2939 deutschen,
1959 2857 2172 2937 frana.
2215 2856 2355 2920 und
2388 2858 2549 2937 enyl.
2595 2855 2867 2938 Sprache

491 2981 554 3043 p.
587 2960 811 3045 1018):
852 2961 1103 3027 habent
1134 2959 1421 3042 Hispani
1452 2958 1889 3040 Lusitanique
1916 2978 2175 3041 ves-perc,
2206 2958 2370 3024 Itali
2397 2978 2629 3041 veepro.
2690 2957 2864 3040 Quin

493 3062 698 3131 etiam
772 3067 1106 3129 nostrates
1167 3081 1395 3129 cenam
1469 3061 1780 3129 dixerunt
1851 3061 2071 3143 Vesper
2159 3066 2229 3127 et
2303 3079 2542 3128 cenare
2611 3079 2865 3142 vespera

491 3166 594 3249 (F.
636 3165 915 3247 Kluge
971 3164 1183 3246 Etym.
1240 3164 1643 3230 Warterbuch
1697 3163 1814 3229 der
1854 3164 2182 3228 deutschen
2224 3163 2497 3245 Sprache
2516 3162 2545 3201 ⁶
2587 3182 2647 3245 p.
2691 3162 2865 3246 408).

490 3269 730 3351 Itaque
773 3287 1020 3351 vespera
1048 3272 1120 3335 et
1154 3286 1363 3349 vesper
1390 3267 1784 3334 Latinorum
1828 3285 2023 3335 voces
2052 3271 2249 3332 erant
2291 3284 2450 3333 vere
2492 3265 2865 3348 populares,

489 3371 590 3438 ita
647 3375 903 3454 tamen,
962 3374 1040 3437 ut
1099 3372 1186 3436 ad
1233 3370 1671 3436 definiendam
1724 3370 1985 3436 stellam
2045 3367 2404 3436 masculino
2458 3386 2702 3452 genere
2760 3368 2864 3436 uti

490 3474 782 3544 mallent.
886 3472 1076 3557 Quod
1135 3491 1279 3539 cum
1347 3492 1384 3539 e
1444 3472 1837 3555 scriptorum
1899 3471 2092 3538 libris
2151 3474 2294 3538 tum
2353 3490 2437 3537 ex
2491 3490 2570 3537 eo
2628 3471 2865 3551 elucet,

489 3578 663 3659 quod
719 3576 1013 3644 virorum
1072 3594 1332 3659 quoque
1392 3589 1748 3662 cognomen
1849 3574 2073 3657 Vesper
2133 3573 2295 3657 fuit,
2352 3574 2543 3641 velut
2595 3573 2742 3639 CIL
2802 3572 2864 3637 V

490 3680 691 3747 5773:
739 3678 805 3744 Ο.
836 3678 1071 3743 Iunius
1111 3677 1346 3760 Vesper.
1433 3678 1660 3759 Neque
1697 3684 1924 3745 tamen
1953 3677 2318 3744 serutinam
2347 3676 2609 3742 stellam
2653 3675 2863 3741 solam

492 3800 835 3864 vesperum
902 3780 1136 3847 Latini
1201 3781 1616 3865 apellabant‚
1674 3782 1794 3847 sed
1848 3784 2195 3861 postquam
2256 3781 2343 3846 ad
2386 3797 2496 3845 eos
2551 3778 2863 3861 pervenit

669 3985 709 4051 ¹)
742 3985 940 4055 Itaque
984 3991 1134 4042 recte
1189 3985 1427 4041 contulit
1471 3986 1577 4041 huc
1625 3985 2019 4041 Germanorum
2076 3984 2171 4053 qui
2217 3989 2446 4039 vocatur
2498 3982 2863 4037 tunkelsteme

491 4070 726 4126 «Iacobus
761 4070 1015 4127 Grimm
1049 4070 1327 4127 Deutsche
1361 4070 1701 4142 Mytholoqie
1733 4070 1833 4125 11⁴
1867 4071 1987 4126 603.

589 4240 610 4295 l
666 4155 708 4226 ²)
743 4156 853 4212 Cir.
889 4157 1050 4212 Mart.
1087 4158 1216 4226 Cap.
1240 4158 1384 4213 VIII
1417 4156 1547 4212 883:
1585 4156 1705 4212 sola
1734 4156 1801 4211 de
1836 4157 2074 4225 quinque
2095 4154 2369 4210 sideribus
2392 4153 2646 4209 umbram
2681 4150 2865 4207 reddit

489 4244 564 4387 ut.
609 4258 920 4467 wila-Possis
966 4328 1260 4398 cogitando
1308 4329 1585 4397 supplere:
1632 4343 1823 4397 vesper
1871 4358 1938 4367 -
1984 4326 2046 4382 id
2080 4329 2163 4381 cst
2185 4326 2424 4397 phosper
2458 4356 2526 4368 --
2558 4327 2627 4379 ut
2652 4336 2863 4393 ⁴proro-

485 4428 627 4479 9ans
680 4430 850 4469 wcem.
2849 4451 2853 4455 ,
