3576 5085
744 394 871 459 234
1646 390 1949 446 Guilelmus
1985 391 2200 445 Gundel
2956 390 3109 479 [142

742 563 912 628 Plin.
972 561 1123 628 Nat.
1186 562 1335 657 hist.
1395 562 1465 627 II
1519 563 1637 643 893
1713 561 1894 628 Suet.
1955 561 2105 629 Div.
2166 562 2285 627 Iul.
2354 563 2468 643 88,
2528 562 2700 629 Nero
2753 563 2869 644 363
2944 562 3109 631 Vita

741 664 1063 731 Antonini
1124 664 1233 729 Pii
1300 666 1371 746 9;
1447 664 1570 731 Iul.
1630 665 2009 745 Obsequens
2072 666 2225 755 1283
2293 665 2477 731 Serv.
2539 666 2623 730 ad
2687 666 2886 749 Verg.
2943 665 3109 733 Aen.

742 768 811 833 X
840 768 1067 853 272).¹)
1154 766 1432 834 Rariore
1465 768 1534 833 in
1567 786 1690 833 usu
1720 766 1958 833 similis
1990 767 2469 850 cognominatio
2501 773 2602 833 est
2656 768 2834 833 stella
2878 771 3107 833 cincin-

743 875 893 934 nata
924 869 1082 954 (Cic.
1114 872 1195 936 de
1227 875 1366 936 nat.
1398 872 1573 937 deor.
1613 871 1685 936 H
1719 869 1843 953 14).
1932 869 2328 952 Saepissime
2353 870 2402 954 ς-’)
2449 876 2667 937 autem
2707 870 3109 938 Graecorum

740 974 1131 1040 vocabulum
1156 973 1429 1058 κομήτης
1449 973 1796 1056 recipiunt,
1827 974 1998 1054 quod
2021 975 2193 1055 apud
2214 978 2445 1054 poetas
2466 972 2783 1039 Senecam
2807 974 3108 1041 Tacitum

741 1076 986 1158 passim
1018 1076 1286 1159 legitur.
1373 1075 1434 1140 N
1435 1075 1833 1144 ominativus
1864 1081 2110 1139 cometes
2142 1074 2349 1167 audjt,
2378 1076 2598 1141 rarius
2628 1082 2859 1140 cometa
2889 1078 3109 1162 (Prud.

744 1178 886 1244 Cat.
916 1178 1057 1244 XII
1089 1177 1216 1262 21).
1305 1177 1747 1244 Accusativus
1779 1177 1967 1244 varie
1996 1176 2335 1260 formatur,
2381 1185 2498 1244 aut
2534 1185 2824 1243 cometam
2854 1179 3111 1265 (Octav.

744 1280 895 1365 232)
928 1286 1047 1347 aut
1084 1287 1364 1344 cometem
1395 1281 1602 1364 (Galp.
1649 1281 1773 1347 Sic.
1806 1282 1840 1347 I
1873 1281 1978 1365 78)
2026 1286 2146 1347 aut
2176 1287 2443 1344 cometen
2474 1280 2647 1366 (Sen.
2677 1280 2829 1347 Nat.
2861 1288 3111 1364 quaest.

746 1384 875 1449 VH
923 1383 1021 1466 12,
1069 1384 1151 1466 1).
1256 1383 1619 1450 Descendit
1677 1384 1844 1449 haec
1901 1401 2029 1449 vox
2074 1383 2542 1450 Graecolatina
2597 1402 2728 1450 non
2772 1385 2982 1451 solum
3027 1388 3113 1452 ad

743 1490 1014 1567 nepotes
1058 1486 1516 1569 Romanorum,
1577 1488 1693 1552 sed
1752 1486 1954 1552 etiam
2009 1487 2093 1551 ad
2152 1486 2531 1570 Germanos»,
2593 1487 2706 1568 qui
2763 1490 2844 1554 de
2896 1489 3111 1554 stellis

743 1589 1005 1656 crinitis
1072 1595 1340 1672 praeter
1410 1591 1551 1656 alia
1625 1589 2013 1673 cognomina
2032 1588 2085 1672 8)
2151 1590 2453 1672 inprimis
2520 1595 2813 1657 cometae
2876 1610 3112 1657 nomen

743 1696 1087 1775 usurpant.

916 1829 1101 1914 Quae
1149 1829 1342 1897 huius
1403 1830 1871 1912 appellationis
1929 1830 2033 1898 vis
2093 1835 2293 1911 atque
2338 1828 2521 1912 origo
2582 1831 2691 1913 sit,
2750 1830 2882 1896 iam
2941 1830 3112 1897 indi-

746 1932 1058 1999 cavimus,
1147 1932 1277 1999 Sed
1324 1938 1393 1998 et
1436 1937 1701 2000 veteres
1745 1938 1953 1999 testes
1983 1937 2155 1999 sunt.
2229 1932 2414 1998 Dicit
2445 1934 2616 1999 enim
2662 1933 2920 2000 Plinius
2964 1935 3115 2001 Nat.

744 2035 897 2100 hist.
942 2036 1013 2101 H
1057 2036 1171 2101 89:
1217 2040 1474 2099 cometas
1507 2035 1737 2100 Graeci
1763 2043 1995 2118 vocant,
2040 2037 2237 2099 nostri
2265 2037 2542 2119 crinitas,
2587 2035 2900 2101 horrentis
2941 2038 3114 2101 crine

743 2139 1087 2222 sanquineo
1130 2144 1185 2201 et
1214 2157 1534 2201 comarum
1580 2138 1755 2202 modo
1798 2140 1868 2202 in
1898 2139 2175 2202 verticem
2221 2138 2573 2222 hispidasf)
2660 2140 2755 2204 At
2800 2138 3112 2206 dicuntur

744 2259 786 2305 a
842 2240 1156 2305 Romanis
1215 2259 1344 2306 non
1405 2243 1610 2306 solum
1676 2259 1796 2306 eae
1854 2241 2092 2306 stellae
2150 2246 2472 2324 cometae,
2532 2260 2701 2322 quae
2759 2240 2983 2325 ignem
3039 2243 3112 2309 in

745 2341 1065 2407 verticem
1124 2341 1441 2425 fundunt,
1507 2345 1624 2408 sed
1691 2342 1892 2408 etiam
1951 2342 2110 2408 illae
2170 2343 2407 2425 quibus
2463 2344 2534 2409 in
2592 2363 2822 2409 morem
2888 2344 3114 2409 barbae

739 2443 1000 2525 flamma
1043 2443 1337 2525 dependet
1375 2447 1444 2510 et
1489 2464 1656 2525 quae
1700 2444 1977 2529 undique
2005 2447 2175 2510 cirea
2217 2467 2281 2511 se
2307 2446 2469 2511 velut
2509 2467 2744 2511 comam
2789 2452 3113 2532 spamam,

746 2565 806 2613 V.
843 2546 991 2613 Seu.
1021 2547 1082 2612 N
1085 2552 1174 2614 at.
1220 2554 1474 2630 quaest.
1504 2549 1638 2614 VII
1669 2551 1768 2632 11,
1801 2549 1857 2614 2.
1947 2549 2135 2616 Inter
2164 2550 2284 2616 has
2315 2549 2614 2634 singulas
2661 2551 3112 2634 apparitiones

922 2755 962 2825 ¹)
998 2757 1293 2811 Poetarum
1352 2756 1568 2810 nomino
1627 2755 1751 2810 Val.
1823 2755 2002 2810 Flacc.
2051 2756 2102 2809 V
2148 2755 2267 2810 369.
2372 2755 2629 2824 Plerique
2688 2771 2816 2811 vero
2875 2756 3113 2813 reiciunt

744 2846 937 2911 poetae
982 2841 1122 2896 hanc
1172 2856 1356 2897 vocem
1403 2840 1634 2896 latinam
1693 2840 1943 2896 versibus
1988 2840 2137 2895 haud
2188 2845 2374 2910 aptam
2421 2846 2587 2909 atque
2634 2842 2896 2897 adamant
2918 2858 3114 2898 nomen

745 2927 1208 2983 Graeco-latinum
1243 2932 1469 2981 cometa.
1530 2926 1686 2981 Unus
1722 2926 1951 2981 Ovidius
1987 2943 2186 2981 novum
2223 2926 2431 2995 fingere
2466 2928 2646 2996 audet,
2696 2943 2816 2982 cum
2854 2928 2984 2984 Met.
3009 2928 3114 2985 XV

748 3013 849 3066 747
885 3014 953 3067 de
987 3013 1146 3067 stella
1181 3013 1431 3067 comante
1466 3016 1524 3066 et
1558 3011 1663 3065 849
1700 3013 1766 3066 de
1802 3012 1962 3066 stella
1997 3011 2205 3065 crinem
2242 3011 2485 3066 trahente
2519 3013 2777 3081 loquitur.

919 3098 963 3166 ²)
1000 3099 1283 3152 Interdum
1311 3097 1641 3152 Graecorum
1665 3094 1879 3164 λαμπάς
1901 3098 2201 3152 retinetur:
2229 3097 2445 3166 lampas
2478 3098 2677 3152 dicitur
2700 3103 2912 3154 cometa
2936 3115 2971 3153 a
2994 3100 3115 3154 Cal-

744 3183 941 3252 purnio
977 3184 1157 3238 Siculo
1181 3184 1210 3237 1
1233 3183 1318 3236 81.
1379 3184 1498 3237 Aut
1532 3198 1629 3252 per
1658 3199 1852 3238 nomen
1887 3182 1996 3251 fax
2030 3183 2202 3238 latine
2238 3183 2488 3238 redditur
2524 3183 2704 3253 (Lucr.
2739 3184 2799 3238 II
2823 3183 2954 3254 2063
2990 3185 3115 3241 Liv.

744 3270 876 3329 XLI
893 3269 976 3340 21,
1014 3269 1206 3324 XLIII
1230 3269 1323 3337 13;
1363 3268 1473 3323 Cic.
1493 3268 1551 3323 in
1570 3270 1690 3324 Cat.
1714 3268 1806 3323 ΠΙ
1837 3268 1939 3337 18).
1993 3270 2061 3323 In
2087 3268 2350 3324 Octaviae
2373 3269 2659 3334 tragoedia
2684 3275 2895 3325 cometa
2916 3286 3121 3327 numen

740 3361 830 3412 est
856 3357 1029 3411 facem
1053 3356 1250 3423 ferens,
1287 3372 1342 3410 v.
1368 3355 1471 3409 232
1500 3354 1703 3423 pendit
1724 3354 2038 3422 infaustam
2058 3353 2254 3422 facem.
2324 3353 2507 3422 Atque
2529 3355 2763 3409 occurrit
2784 3354 2894 3422 fax
2929 3356 3117 3412 eadem

740 3442 955 3497 ratione
988 3442 1048 3496 in
1081 3441 1238 3496 libris
1264 3440 1472 3496 saeculi
1497 3441 1662 3495 XVII
1698 3441 1765 3494 de
1796 3438 2019 3494 cometis
2043 3439 2319 3508 adhibita3
2356 3440 2625 3509 proferam
2660 3441 2834 3496 solum
2868 3441 3117 3498 libellum

745 3527 880 3581 Fax
915 3516 1064 3581 mira
1098 3543 1212 3581 non
1248 3525 1378 3580 dira
1413 3525 1591 3595 (1681)
1625 3525 1964 3594 inscriptum.

924 3611 965 3680 ⁸)
1002 3613 1069 3667 V.
1106 3611 1254 3666 infra
1288 3611 1412 3665 adn.
1448 3611 1484 3664 4
1520 3616 1578 3665 et
1613 3628 1663 3679 p.
1704 3611 1805 3664 143
1840 3611 1963 3666 adn.
2002 3611 2050 3665 1.

917 3697 960 3765 ⁴)
996 3697 1226 3752 Veteres
1275 3696 1441 3751 iidem
1491 3711 1678 3751 veram
1730 3695 2061 3751 sententiam
2109 3696 2177 3752 de
2224 3697 2370 3752 vocis
2415 3697 2599 3752 radice
2644 3697 2943 3767 proferunt,
2991 3698 3119 3754 vide

742 3783 887 3837 Man.
922 3784 952 3837 I
987 3782 1105 3852 835,
1140 3780 1333 3837 Isidor.
1371 3781 1508 3852 orig.
1547 3782 1637 3837 III
1668 3781 1751 3851 70,
1791 3782 1872 3850 16,
1922 3782 2079 3850 Corp.
2116 3782 2346 3852 glossar.
2393 3782 2549 3837 latin.
2586 3783 2676 3837 III
2710 3799 2837 3852 pag.
2876 3784 2994 3852 132,
3029 3783 3115 3838 54.

740 3868 853 3936 Qui
886 3885 1017 3925 vero
1053 3868 1258 3924 saeculi
1303 3868 1451 3924 XVI.
1502 3873 1559 3923 et
1604 3868 1783 3924 XVII.
1832 3868 2059 3923 fuerunt
2107 3858 2364 3937 homines,
2414 3868 2645 3922 alteram
2692 3869 2807 3924 vim
2854 3868 3117 3938 vocabulo

743 3954 966 4010 insitam
1018 3959 1359 4024 putaverunt
1420 3960 1478 4010 et
1550 3953 1945 4009 intellexerunt
2008 3959 2273 4009 cometam
2336 3955 2427 4009 vel
2488 3952 2738 4009 comitem
2796 3957 2852 4009 et
2905 3954 3118 4011 socium

741 4056 932 4095 reram
965 4040 1234 4109 sataliam
1269 4040 1342 4110 (v.
1382 4040 1585 4095 wilh.
1621 4040 1715 4095 Eo
1751 4038 2258 4095 Neweheusser
2310 4037 2689 4094 Consideratio
2726 4042 2781 4094 et
2830 4040 3116 4097 enarratio

745 4125 920 4180 brevis
966 4125 1030 4180 de
1076 4141 1219 4180 nova
1263 4124 1423 4179 stella
1460 4125 1821 4193 Friedwegen
1870 4123 2006 4179 1619
2050 4141 2178 4195 pag.
2225 4125 2309 4193 17)
2359 4125 2448 4180 vel
2493 4123 2828 4180 comoediam
2872 4124 3115 4182 dicentes

736 4227 801 4266 es
832 4211 913 4266 iet
946 4211 1064 4266 eine
1099 4210 1262 4266 Newe
1295 4209 1549 4265 Comoedi
1585 4226 1679 4264 am
1713 4209 1970 4276 Himmel,
1999 4211 2071 4280 (v.
2096 4212 2260 4266 Dav.
2296 4209 2662 4266 Herlicius
2698 4211 2945 4266 Kartzer
2976 4210 3115 4266 Die-

739 4312 873 4351 oare
904 4314 1028 4353 vom
1068 4297 1322 4352 Cometen
1356 4295 1517 4350 unnd
1552 4295 1756 4365 dreyen
1793 4296 2032 4364 Sonnen,
2080 4312 2140 4351 eo
2177 4312 2272 4352 am
2306 4295 2441 4350 ende
2477 4293 2569 4350 dee
2605 4297 2759 4351 1619.
2794 4295 2999 4352 Jahree
3031 4313 3115 4351 er-

736 4381 997 4437 ochienen
1031 4382 1176 4452 sind,
1213 4381 1464 4438 Sediniae
1499 4381 1651 4452 1619,
1687 4399 1815 4453 pag.
1851 4383 2025 4451 IFII).
2105 4398 2106 4401 ¹
