3576 5085
537 427 682 509 133]
976 425 1058 479 De
1093 424 1379 480 stellarum
1414 424 1777 497 appellatione
1813 431 1872 481 et
1904 425 2171 495 religione
2206 425 2452 481 Romana
2766 429 2895 509 225

841 596 1082 662 Caesar
1124 615 1298 662 nunc
1341 595 1564 681 terris,
1607 601 1758 678 post
1801 595 1981 663 caelo
2025 597 2352 664 maximus
2397 582 2646 665 auctor.
2654 598 2705 683 1)

527 715 657 799 Qui
716 718 1089 798 Augustum
1157 717 1604 796 sequebantur
1676 715 1993 783 Caesares
2050 716 2267 783 rarius
2340 717 2440 783 ita
2517 719 2895 788 laudantur.

526 818 897 902 Caligulam
942 837 984 884 a
1027 819 1265 901 populo
1307 818 1490 883 sidus
1533 819 1938 901 appellatum
1985 838 2147 903 esse,
2192 838 2339 886 cum
2397 819 2595 887 funus
2637 820 2895 889 Tiberii

524 925 1045 1005 prosequeretur,
1092 921 1304 987 tradit
1334 921 1687 988 Suetonius
1726 922 1862 987 Cal.
1892 922 2086 988 XIII.
2157 922 2405 989 Neroni
2448 923 2685 990 deinde
2727 923 2893 991 talia

524 1025 981 1092 blandimenta
1022 1024 1215 1091 offert
1257 1024 1568 1091 Lucanus
1613 1025 1849 1091 PharS.
1891 1025 1928 1090 I
1967 1026 2052 1093 45
2069 1044 2237 1108 sqq.:

1565 1133 1634 1193 te
1678 1146 1823 1194 cum
1867 1129 2160 1195 statione
2205 1135 2480 1211 peracta

830 1234 1017 1296 astra
1060 1234 1249 1310 petes
1295 1248 1496 1313 seruS,
1540 1230 1831 1311 praelati
1874 1231 2066 1314 regia
2110 1232 2280 1298 caeli

832 1332 1121 1414 excipiet
1163 1334 1499 1415 gaudente
1544 1333 1708 1416 polo,

528 1440 599 1501 et
656 1434 727 1500 in
778 1434 1206 1515 sequentibus
1260 1434 1645 1517 imperatori
1690 1434 1868 1518 optio
1928 1438 2159 1520 datur,
2219 1437 2489 1503 ubinam
2547 1438 2892 1506 stellarum

535 1538 841 1604 collocari
885 1536 1067 1604 velit.

693 1640 1017 1706 Similiter
1037 1641 1519 1722 Vespasianum
1548 1640 1908 1722 alloquitur
1930 1642 2242 1708 Valerius
2272 1642 2555 1708 Flaccus
2578 1642 2615 1707 I
2640 1643 2721 1709 15
2737 1661 2891 1725 sqq„

519 1762 665 1809 cum
695 1744 962 1810 stellam
996 1763 1143 1809 eum
1175 1743 1317 1810 fore
1361 1742 1791 1827 vaticinatur,
1837 1745 1923 1810 ad
1967 1743 2152 1810 cuius
2197 1745 2607 1826 splendorem
2643 1750 2893 1811 nautae

522 1845 660 1911 sint
701 1864 964 1912 cursum
1009 1864 1197 1911 suum
1240 1844 1590 1911 directuri:
2267 1922 2272 1929 ,

1168 1967 1308 2014 cum
1355 1948 1508 2031 iam,
1551 1949 1831 2033 genitor,
1875 1949 2134 2015 lucebis
2174 1950 2258 2014 ab
2304 1950 2479 2015 omni

829 2057 1025 2132 parte
1070 2051 1220 2133 poli.
2734 2122 2737 2125 ,

692 2152 1060 2234 Praecipue
1119 2154 1499 2220 Domitiano
1555 2153 1723 2219 talia
1780 2153 2047 2235 saepius
2107 2152 2429 2235 imprimis
2490 2172 2531 2219 a
2573 2152 2892 2220 Martiale

521 2261 591 2320 et
635 2256 910 2341 Stati02)
957 2256 1338 2339 offeruntur,
1384 2256 1608 2337 qualia
1653 2256 1895 2322 afferre
1940 2258 2187 2322 taedet.
2291 2255 2506 2340 Quam
2566 2256 2707 2322 late
2750 2260 2892 2321 tum

522 2357 735 2441 opinio
780 2359 1075 2442 viguerit
1142 2359 1572 2441 imperatores
1632 2378 1668 2425 e
1732 2360 1915 2425 caelo
1962 2361 2305 2442 degressos
2363 2361 2448 2425 ad
2502 2362 2688 2426 astra
2746 2377 2892 2425 esse

519 2461 848 2528 redituros
910 2481 1258 2546 cognosces
1304 2480 1341 2528 e
1384 2461 1582 2528 titulo
1628 2462 1774 2528 CIL
1820 2462 1919 2528 VI
1965 2462 2133 2528 1080
2197 2462 2331 2547 (deo
2373 2461 2536 2544 Imp.
2580 2460 2749 2528 Caes.
2792 2460 2891 2530 M.

516 2565 804 2647 Aurel[io
849 2615 864 2630 .
912 2617 926 2631 .
971 2617 985 2631 .
1031 2617 1047 2632 .
1091 2565 1345 2650 0]ptim0
1380 2568 1700 2630 Antonino
1746 2567 1864 2630 Pio
1905 2565 2239 2647 sideribu[s
2280 2565 2541 2630 demisso
2585 2616 2601 2631 .
2646 2616 2661 2631 .
2707 2563 2891 2652 t]oni-

518 2670 741 2732 tratori
763 2668 946 2750 Any.)
978 2673 1047 2733 et
1076 2687 1113 2733 e
1142 2667 1313 2734 libro
1343 2669 1421 2734 Ε.
1451 2668 1509 2733 Β
1527 2667 1754 2733 eurli
1771 2687 1861 2733 er
1890 2666 2087 2731 Essai
2112 2688 2226 2731 sur
2257 2668 2313 2732 le
2341 2669 2501 2732 culte
2528 2667 2731 2732 rendu
2760 2687 2899 2732 aux

519 2788 872 2851 emper-ears
901 2769 1210 2832 Romains
1251 2769 1446 2835 Paris
1471 2769 1638 2835 1890
1681 2788 1834 2852 pag.
1880 2770 1982 2834 67.
2071 2771 2258 2835 Haec
2303 2768 2525 2850 opinio
2568 2768 2892 2835 minuitur

519 2873 804 2937 secundo
849 2871 1126 2954 saeculo,
1171 2890 1295 2952 quo
1339 2871 1809 2953 imperatorum
1842 2871 2108 2938 animae
2140 2874 2224 2938 ab
2257 2870 2482 2952 aquila
2525 2871 2597 2937 in
2636 2872 2889 2937 caelum

518 2973 775 3055 portari
806 2975 1246 3040 credebantur
1269 2973 1622 3058 (Wissowa
1652 2975 1829 3057 apud
1851 2974 2273 3041 PauliumIV
2297 2974 2469 3059 902).
2537 2974 2631 3040 At
2660 2979 2891 3056 postea

518 3074 918 3142 Claudianus
950 3079 1036 3142 ad
1070 3095 1213 3142 eam
1243 3076 1626 3160 revertitur,
1671 3079 1824 3143 dum
1855 3076 2207 3143 Theodosii
2251 3076 2494 3143 mortui
2537 3094 2658 3159 per
2701 3081 2889 3142 astra

517 3179 812 3245 volatum
834 3178 1046 3247 fusius
1072 3179 1392 3245 describit
1422 3198 1618 3245 carm.
1642 3180 1777 3246 VH
1814 3179 1967 3246 inde
1991 3199 2033 3245 a
2061 3198 2262 3247 versu
2286 3180 2428 3245 162.
2508 3181 2641 3245 Per
2661 3179 2887 3261 plane-

515 3287 736 3348 tarum
772 3285 963 3349 orbes
1009 3283 1095 3348 ad
1131 3301 1450 3348 summum
1488 3283 1740 3349 caelum
1780 3282 2020 3366 evolat,
2065 3283 2251 3349 cuius
2296 3287 2525 3364 portas
2555 3282 2889 3349 borealem

523 3385 797 3469 Bootes,
842 3383 1203 3452 australem
1244 3384 1446 3452 Orion
1489 3391 1796 3452 reserant
1840 3389 2303 3467 exspectantes
2347 3402 2410 3451 v.
2457 3385 2612 3450 173:

686 3558 726 3627 ²)
762 3556 829 3613 V.
867 3557 932 3612 A.
969 3556 1305 3612 Kraemer
1349 3558 1432 3612 De
1466 3555 1682 3612 Manilii
1729 3556 1826 3625 qui
1868 3557 2046 3612 fertur
2092 3556 2489 3627 astronomicis,
2538 3556 2668 3612 diss.
2716 3557 2886 3613 Marb.

515 3641 650 3697 1890
682 3659 811 3712 pag.
848 3643 917 3696 32
929 3659 1045 3711 sqq.
1083 3659 1210 3712 pag.
1247 3643 1332 3712 45,
1369 3642 1466 3711 qui
1499 3642 1560 3698 in
1593 3642 1760 3698 titulo
1810 3643 2043 3711 quodam
2079 3642 2285 3698 Graeco
2321 3644 2640 3712 Augustum
2687 3644 2888 3713 ἄστρον

517 3729 725 3781 ἁπάσας
744 3725 992 3782 Ἑλλάδος
1025 3728 1135 3783 dici
1156 3733 1357 3783 monet.
1428 3728 1745 3797 Augustum
1771 3733 1831 3783 et
1857 3744 1966 3782 non
1989 3727 2270 3783 Tiberium
2303 3744 2337 3783 a
2360 3727 2584 3784 Manilio
2619 3728 2888 3797 appellari

517 3811 695 3867 elucet
752 3828 819 3866 ex
873 3812 1114 3868 eiusdem
1161 3830 1215 3869 v.
1264 3815 1315 3869 d.
1363 3813 1734 3882 disputatione
1791 3814 1897 3869 Ort
1938 3812 2058 3867 und
2109 3811 2240 3867 Zeit
2282 3812 2379 3867 der
2424 3812 2745 3884 Abfawmy
2790 3812 2888 3868 der

517 3899 741 3952 Astron.
775 3897 870 3951 des
906 3897 1199 3968 Manilius,
1237 3898 1555 3968 Proqradec
1589 3897 2156 3969 Wohlcr-Realwmn.
2191 3897 2519 3965 Frankfwrt
2550 3915 2601 3955 a.
2625 3897 2709 3953 M.
2748 3897 2885 3952 1904

520 3997 646 4051 pag.
685 3982 751 4036 15
763 3998 877 4051 sqq.

687 4067 730 4134 ²)
768 4068 873 4135 Qui
909 4083 971 4122 eo
1006 4068 1357 4137 progreditur
1391 4074 1456 4124 ut
1491 4086 1675 4125 omnes
1699 4069 2001 4125 Domitiani
2036 4074 2299 4139 cognatos
2322 4069 2383 4125 in
2412 4069 2605 4126 stellas
2639 4073 2883 4124 mutatos

517 4151 681 4222 dicat,
717 4152 849 4209 silv.
885 4154 915 4208 I
950 4153 1045 4208 97:

924 4238 1029 4295 ibit
1062 4239 1122 4293 in
1157 4239 1440 4307 amplexus
1475 4245 1657 4310 natuS,
1694 4239 1992 4310 fraterque,
2028 4246 2294 4310 paterque

923 4330 981 4380 et
1016 4340 1191 4380 soror:
1228 4340 1341 4381 una
1374 4325 1551 4381 locum
1588 4325 1776 4381 cervix
1811 4326 1966 4382 dabit
2000 4326 2247 4382 omnibus
2284 4325 2464 4381 astris,

513 4407 797 4465 Simillima
832 4409 967 4465 dicit
1001 4410 1168 4466 Silius
1204 4411 1430 4485 Italicus
1465 4412 1553 4466 ΠΙ
1588 4411 1693 4466 628
1709 4427 1857 4480 seqq.
