3576 5085
740 433 865 498 184
1641 431 1944 485 Guilelmus
1982 431 2194 485 Gundel
2996 430 3114 519 [92

1511 841 1558 946 ξ
1610 854 1680 921 3.
1766 853 1890 920 De
1943 850 2328 933 vergiliis

1374 1031 1414 1100 Ι.
1477 1032 1564 1100 De
1608 1030 2034 1115 Vergiliarum
2085 1029 2472 1100 nominibus.

926 1201 1026 1264 Ve
1042 1223 1076 1263 ν
1088 1201 1249 1284 qili
1261 1221 1380 1282 ae,
1429 1221 1640 1263 -arum
1685 1200 1864 1265 fem.:
1913 1199 2314 1281 significatio
2347 1218 2502 1264 vere
2532 1199 2782 1266 Latina
2812 1199 3108 1282 pliadum

739 1304 977 1369 sideris
1056 1303 1332 1384 primum
1420 1305 1597 1383 apud
1652 1303 1963 1367 Plautum
2036 1301 2323 1366 occurrit
2392 1301 2748 1384 (Amphitr.
2822 1303 2976 1385 275)
3039 1308 3113 1368 et

743 1407 979 1472 deinde
1023 1404 1324 1486 plurimis
1368 1405 1530 1470 locis
1574 1423 1781 1484 usque
1830 1406 1916 1468 ad
1977 1409 2273 1469 extrema
2330 1404 2734 1469 Latinitatis
2794 1410 3111 1487 tempora,

740 1509 843 1574 ita
888 1512 1127 1588 tamen,
1168 1512 1244 1571 ut
1288 1506 1683 1588 posteriores
1730 1506 2030 1572 scribant
2072 1507 2371 1590 viryiliae,
2417 1526 2479 1573 v.
2527 1526 2577 1571 c.
2623 1507 2879 1573 Bellum
2925 1506 3109 1572 Afri-

745 1629 979 1676 canum
1024 1609 1301 1690 XLVII,
1348 1608 1544 1673 Arati
1575 1615 2119 1674 commentatores
2150 1611 2326 1689 apud
2371 1609 2829 1674 Maassium
2874 1629 2934 1690 p.
2967 1609 3111 1692 107,

743 1714 939 1779 schol.
985 1712 1202 1778 Germ.
1259 1732 1321 1792 p.
1369 1714 1509 1795 114,
1573 1713 1684 1793 1ος
1749 1713 1890 1786 142,
1957 1713 2070 1792 19;
2133 1713 2277 1793 235,
2322 1713 2493 1777 3113.
2599 1713 2694 1776 At
2753 1712 3110 1793 genuinam

743 1816 1016 1881 formam
1064 1834 1182 1895 per
1224 1835 1255 1877 e
1296 1813 1592 1879 litt-eram
1630 1813 2043 1879 scribendam
2076 1833 2218 1879 esse
2261 1814 2391 1879 iam
2437 1833 2511 1879 eo
2556 1814 2891 1894 probatur,
2937 1815 3112 1894 quod

741 1923 1041 1986 veterum
1104 1917 1469 1998 veriloquia
1512 1919 1596 1982 ad
1640 1935 1840 1982 unum
1885 1916 2101 1981 omnia
2147 1917 2440 1999 veryilias
2498 1918 2831 1981 deducunt
2876 1935 2916 1981 a
2959 1937 3111 1998 vere,

742 2040 803 2087 v.
848 2020 1117 2086 Festum
1163 2039 1224 2100 p.
1255 2020 1497 2084 372M:
1544 2020 1832 2100 verpiliae
1861 2019 2075 2101 dictae,
2107 2019 2271 2102 quod
2302 2039 2522 2082 earum
2554 2025 2696 2081 ortu
2726 2039 2827 2081 ver
2866 2017 3110 2101 finitur,

743 2129 941 2186 aestas
981 2124 1217 2201 incipit,
1262 2121 1376 2187 ubi
1420 2122 1666 2187 Paulus
1712 2122 2104 2202 epitomator
2134 2122 2306 2187 idem
2350 2121 2492 2187 fere
2536 2125 2844 2202 repetens
2888 2141 2949 2202 p.
2980 2122 3109 2187 373

743 2225 973 2290 habet:
1019 2224 1302 2307 viryiliae
1344 2224 1543 2286 dictae
1588 2225 1754 2307 quod
1796 2245 2011 2287 eamcm
2056 2231 2196 2287 ortu
2241 2246 2344 2287 ver
2384 2224 2576 2305 finem
2613 2224 2851 2307 facit.¹)

917 2328 1274 2406 Postquam
1336 2329 1415 2391 de
1474 2326 1793 2407 primaria
1851 2327 2027 2393 vocis
2084 2325 2297 2392 forma
2365 2333 2655 2409 constat,
2719 2326 3112 2408 explicanda

743 2431 909 2495 haec
951 2428 1218 2496 videtur
1263 2447 1421 2494 esse.
1510 2429 1734 2510 Atque
1779 2435 2041 2495 veteres
2087 2429 2244 2510 quid
2289 2430 2635 2512 senserint,
2694 2431 2881 2496 modo
2942 2448 3110 2494 com-

745 2531 1055 2614 perimus.
1093 2532 1341 2598 Tamen
1371 2530 1544 2598 hanc
1573 2531 2208 2615 interpretationem,
2241 2552 2408 2614 quae
2432 2533 2614 2599 vocis
2641 2532 2888 2598 exitum
2914 2533 3113 2614 plane

746 2637 1080 2718 neglegat,
1109 2653 1238 2700 non
1270 2635 1572 2701 sufficere
1602 2655 1722 2717 per
1754 2656 1825 2702 se
1851 2642 2052 2718 patet.
2097 2637 2334 2716 Itaque
2366 2636 2770 2701 recentiores
2805 2635 3113 2701 audiendi

746 2744 918 2803 sunt.
1006 2736 1293 2820 Quorum
1336 2738 1683 2804 Pottius
1730 2738 1984 2822 (Kahns
2028 2738 2386 2818 Zeitschrift
2430 2739 2528 2804 VI
2559 2739 2714 2821 266)
2761 2740 3112 2803 cohaerere

746 2841 1038 2925 verpilias
1075 2860 1218 2906 cum
1249 2842 1450 2907 verbo
1487 2861 1734 2925 veryere
1764 2841 1952 2923 dixit,
1984 2841 2354 2921 appellatas
2387 2842 2561 2922 quod
2603 2859 2760 2907 vere
2790 2845 3112 2922 vergente

747 2944 1051 3009 oriantur
1124 2948 1200 3008 ut
1259 2944 1397 3008 sint
1464 2945 1657 3024 quasi
1725 2944 1822 3006 die
1892 2943 2349 3025 Wendesterne,
2417 2944 2813 3009 Niederm
2837 2962 2938 3008 an
2959 2961 3114 3008 nus

748 3046 841 3131 (Ε
879 3045 1015 3109 und
1054 3048 1082 3109 i
1123 3048 1209 3108 im
1250 3045 1512 3128 Latein,
1571 3047 1722 3111 diss.
1767 3047 1971 3111 Basil.
2018 3048 2184 3111 1897
2231 3066 2289 3127 p.
2338 3047 2443 3131 74)
2504 3046 2823 3129 vergilias
2884 3046 3115 3111 stellas

749 3166 891 3214 esse
937 3154 1309 3230 vergentes,
1357 3152 1530 3229 quod
1573 3148 1743 3214 idem
1792 3148 1884 3214 sit
1930 3168 2009 3214 ac
2042 3156 2382 3231 vagantes.
2472 3148 2602 3214 Sed
2641 3149 2886 3213 cumin
2932 3152 3113 3213 utra-

750 3268 876 3330 que
922 3249 1368 3330 explicatione
1407 3270 1604 3316 causa
1640 3251 2108 3332 appellationis
2153 3270 2284 3317 non
2327 3251 2429 3316 ita
2461 3252 2741 3332 simplex
2786 3250 2875 3315 sit
2919 3268 3115 3330 quam

747 3352 816 3417 in
859 3352 1124 3418 rudiore
1172 3353 1407 3434 populo
1453 3360 1926 3436 exspectamus,
1972 3373 2093 3437 ego
2139 3355 2404 3420 tertiam
2448 3355 2666 3436 prob0,
2713 3372 2904 3434 quam
2963 3357 3118 3432 post

747 3455 811 3520 J.
836 3456 892 3520 V
911 3474 946 3520 o
964 3473 995 3520 s
1013 3455 1142 3520 siu
1160 3475 1222 3519 m
1247 3454 1483 3538 (Etym.
1508 3457 1761 3540 linquae
1784 3457 2015 3520 latinae
2037 3477 2096 3539 p.
2125 3459 2268 3539 648,
2293 3476 2341 3522 s.
2366 3457 2452 3539 v.)
2477 3462 2546 3522 et
2570 3456 2629 3521 N
2646 3456 2668 3521 i
2685 3461 2715 3520 t
2734 3476 2769 3519 z
2788 3475 2818 3520 s
2838 3455 3115 3521 chium

750 3556 845 3641 (in
890 3556 1431 3623 adnotationibus
1490 3560 1573 3624 ad
1631 3561 1817 3624 Hom.
1879 3559 2109 3642 Odyss
2157 3559 2213 3624 V
2260 3560 2411 3644 272)
2476 3559 2719 3624 certius
2780 3557 3119 3623 stabilivit

750 3659 821 3726 Ο.
865 3659 1165 3725 Keller
1224 3661 1462 3726 Latez'n.
1518 3661 1884 3743 Volksetym.
1930 3682 1989 3744 p.
2035 3664 2150 3729 45:
2229 3661 2537 3746 Veryiliae
2578 3662 2660 3724 ist
2700 3660 2963 3744 qebildet
3003 3662 3117 3722 wie

747 3761 1062 3844 porciliae
1091 3782 1206 3826 von
1244 3764 1565 3847 porculuS,
1603 3765 1940 3830 haediliae
1971 3786 2086 3828 von
2116 3765 2453 3847 haeduluS,
2499 3765 2629 3827 also
2657 3784 2774 3827 von
2817 3764 3116 3845 vergula,

748 3864 1099 3945 Zweiylein.
1202 3865 1292 3928 Es
1352 3865 1617 3930 bedeutet
1674 3868 1992 3948 eiyemlich
2046 3868 2164 3931 das
2215 3867 2506 3931 Bic'schel-
2525 3917 2540 3948 ,
2598 3866 2845 3949 Zweiq·
2860 3867 3117 3947 yestirn,

747 3967 861 4030 das
919 3966 1194 4030 Dolden-
1252 3968 1396 4031 oder
1454 3969 1917 4053 traubenartiye
1977 3969 2226 4033 Gestirn
2296 3970 2427 4033 und
2487 3970 2638 4050 fc'illt
2698 3967 2948 4032 bildlich
3003 3988 3115 4030 zu-

747 4089 1025 4133 sammen
1072 4071 1183 4132 mit
1225 4070 1363 4133 dem
1425 4090 1539 4133 von
1582 4071 1707 4134 den
1753 4071 2256 4136 Homerscholien
2299 4093 2383 4135 zu
2424 4072 2506 4136 Π.
2549 4070 2812 4135 XVIII
2849 4071 2978 4134 486
3020 4091 3118 4133 er-

925 4242 965 4311 ¹)
1002 4241 1213 4296 Similia
1259 4241 1344 4295 his
1392 4241 1751 4297 inveniuntur
1801 4244 1947 4312 apud
1989 4243 2195 4313 Hygin.
2245 4250 2376 4298 astr.
2423 4244 2483 4297 II
2518 4242 2583 4294 21
2632 4246 2703 4310 (p.
2741 4242 2807 4293 64
2821 4240 2915 4310 B),
2965 4240 3116 4296 Serv.

748 4328 946 4397 Georg.
983 4329 1012 4381 I
1050 4327 1164 4396 138,
1219 4328 1379 4381 schol.
1419 4328 1598 4382 Germ.
1635 4345 1685 4397 p.
1722 4329 1838 4397 149,
1874 4329 1922 4382 3.
1951 4331 2016 4382 15
2035 4330 2096 4399 B,
2135 4330 2326 4384 Isidor.
2364 4329 2515 4398 Orig.
2555 4328 2642 4382 III
2680 4327 2760 4397 70,
2802 4328 2868 4380 13
2904 4325 2960 4396 (a
2987 4328 3118 4379 tem-

741 4413 901 4482 poris
934 4412 1352 4483 siqnifi'catione,
1390 4413 1531 4482 quod
1568 4417 1651 4467 est
1682 4431 1790 4484 ver,
1829 4414 2045 4483 quando
2082 4413 2450 4484 exoriuntur).
