3576 5085
557 442 662 523 83]
1000 441 1082 495 De
1119 438 1397 494 stellarum
1434 436 1800 507 appellatione
1835 442 1894 491 et
1928 436 2195 507 religione
2229 437 2476 491 Romana
2794 438 2921 504 175

556 612 748 677 finem
807 610 1029 676 facere
1091 608 1320 691 coepit.
1437 608 1618 690 Opus
1677 613 1827 674 erat
1887 614 2161 675 strenua
2218 608 2717 692 impugnatione
2774 628 2919 675 cum

555 714 842 795 ipsorum
889 712 1252 778 doctrinam
1297 711 1644 792 inquinare
1705 712 2082 777 sententiae
2140 730 2447 794 paganae
2507 716 2920 777 conarentur.

554 815 854 881 Vidimus
899 834 1101 897 supra
1144 814 1215 878 in
1258 815 1420 895 Pap.
1468 812 1619 879 Par.
1675 814 1840 879 1301
1867 833 2003 895 sqq.
2064 833 2254 880 ursae
2298 833 2570 896 regnum
2632 815 2919 879 caeleste

552 917 764 985 tribui
808 937 848 983 a
893 917 1417 983 Christianorum
1466 918 1586 982 deo
1639 915 1884 1000 (κύριος
1928 914 1963 978 ὃ
2007 916 2203 999 θεός).

723 1021 961 1102 Itaque
1005 1020 1298 1085 Isidorus
1345 1020 1427 1084 de
1477 1024 1615 1084 nat.
1674 1037 1801 1083 rer.
1846 1019 2080 1084 XXVI
2123 1021 2166 1083 4
2226 1019 2595 1100 plaustrum
2656 1023 2918 1084 tantum

552 1123 853 1206 agnoscit
896 1123 1095 1203 idque
1155 1122 1515 1204 symbolum
1564 1121 1877 1186 ecclesiae
1926 1139 2068 1186 esse
2090 1121 2141 1205 1)
2187 1122 2351 1203 vult,
2411 1121 2595 1186 cuius
2650 1126 2789 1187 tres
2850 1127 2920 1186 et

553 1230 871 1308 quattuor
950 1225 1187 1291 stellae
1266 1225 1708 1304 respondeant
1787 1222 1941 1289 fidei
2007 1222 2337 1289 trinitatis
2405 1224 2474 1289 e't
2547 1224 2920 1304 operationi

554 1333 866 1411 quattuor
929 1327 1270 1394 virtutum.
1371 1327 1465 1391 Et
1522 1331 1600 1391 ut
1656 1325 1917 1391 fabulas
1979 1328 2060 1391 de
2107 1325 2467 1391 Callistone
2527 1331 2597 1392 et
2654 1326 2919 1392 Arcade

553 1436 865 1498 narratas
905 1431 1219 1513 delerent,
1263 1433 1381 1495 aut
1409 1448 1631 1494 ursam
1669 1428 1986 1494 dixerunt
2017 1431 2135 1494 sed
2166 1431 2440 1495 eandem
2485 1434 2686 1510 atque
2715 1429 2919 1513 illam,

553 1553 721 1615 quae
751 1534 949 1599 XLII
977 1551 1212 1615 pueros
1240 1533 1492 1597 Elisam
1524 1532 1882 1597 illudentes
1929 1531 2353 1598 devoraverit
2398 1533 2492 1616 (Π
2520 1533 2681 1614 Reg.
2707 1534 2764 1615 2,
2790 1531 2917 1616 24),

552 1641 668 1703 aut
727 1655 1004 1718 currum,
1065 1636 1178 1701 sed
1223 1635 1488 1717 igneum
1548 1635 1749 1717 illum,
1809 1635 1924 1715 qui
1975 1634 2193 1700 Eliam
2253 1636 2322 1701 in
2385 1636 2640 1700 caelum
2700 1640 2917 1700 sustu-

549 1739 705 1805 lerit
751 1738 847 1823 (11
890 1740 1051 1820 Reg.
1097 1740 1169 1821 2,
1238 1739 1375 1822 11),
1434 1757 1494 1803 v.
1562 1737 2018 1802 Bartschii
2076 1736 2638 1818 planisphaerium
2704 1758 2766 1819 p.
2813 1739 2915 1820 81,

551 1840 1066 1908 Schickardi
1104 1839 1578 1920 astroscopium
1607 1859 1667 1920 p.
1701 1839 1842 1904 100.
1916 1838 2153 1902 Navem
2185 1838 2368 1902 Petri
2399 1839 2665 1905 dixerat
2696 1858 2916 1904 ursam

550 1944 597 2009 J
612 1944 713 2009 ul.
774 1942 1153 2008 Schiller
1213 1940 1467 2005 Caelum
1525 1942 1832 2005 stellatum
1890 1940 2332 2023 christian-um,
2399 1962 2462 2008 v.
2523 1942 2599 2007 F.
2657 1942 2918 2023 Piper

551 2046 927 2128 Mytholoyie
969 2044 1079 2107 der
1122 2044 1350 2109 christl.
1397 2044 1611 2107 Kunst
1654 2044 1689 2109 I
1733 2046 1773 2109 2
1819 2064 1880 2125 p.
1926 2045 2070 2109 307.
2158 2044 2383 2124 Neque
2430 2044 2763 2125 discrepat
2830 2046 2914 2109 ab

548 2148 653 2214 his
700 2148 1205 2214 christianorum
1250 2147 1882 2229 interpretamentis,
1929 2148 2099 2227 quod
2130 2146 2527 2220 Graecorum
2574 2146 2685 2228 qui
2721 2149 2916 2213 hodie

549 2257 707 2318 sunt
767 2256 867 2317 est
925 2250 1404 2333 cognominatio
1469 2248 1806 2330 popularis
1862 2246 2061 2330 ἁμάξι
2126 2259 2241 2312 τοῦ
2298 2248 2537 2332 Δαυίό,
2596 2250 2915 2315 Italorum

548 2374 727 2417 carro
783 2353 855 2416 di
912 2352 1170 2436 Davide,
1230 2352 1811 2434 Francogallorum
1875 2350 2127 2415 Chariot
2180 2351 2255 2414 de
2297 2351 2542 2417 David:
2600 2372 2661 2418 v.
2714 2352 2791 2417 N.
2839 2353 2914 2417 G.

549 2455 875 2521 Politis
934 2455 1213 2518 Μέλεται
1261 2453 1416 2539 περὶ
1454 2464 1567 2515 τοῦ
1612 2456 1758 2537 βίου
1805 2452 1916 2516 καὶ
1959 2461 2066 2537 τῆς
2105 2452 2392 2539 γλώσσης
2433 2464 2547 2517 τοῦ
2592 2449 2916 2538 ἑλληνικοῦ

548 2557 705 2622 λάου
751 2559 822 2624 Π
865 2579 926 2640 p.
971 2558 1115 2624 815.

721 2661 850 2727 Sed
896 2660 1041 2727 sive
1085 2679 1307 2725 ursam
1353 2659 1496 2726 sive
1541 2678 1803 2725 currum
1848 2660 1957 2726 vel
2001 2677 2260 2724 carrum
2307 2659 2620 2725 dixerunt
2649 2659 2915 2742 posteri,

548 2780 678 2828 non
736 2763 1012 2827 multum
1085 2781 1166 2826 ex
1226 2761 1639 2843 opinionibus
1697 2761 1865 2843 illis,
1932 2779 2096 2841 quas
2167 2766 2429 2827 veteres
2505 2763 2586 2827 de
2662 2767 2915 2843 septem

551 2863 875 2929 trionibus
947 2864 1353 2946 habuerant,
1427 2862 1865 2928 retinuerunt.
1980 2864 2336 2943 Postquam
2412 2863 2582 2929 enim
2640 2882 2913 2944 magnes

550 2965 725 3046 lapis
770 2970 839 3030 et
871 2966 1360 3031 chronometrae
1389 2964 1668 3030 inventa
1712 2970 1885 3048 sunt,
1930 2985 2143 3046 neque
2181 2968 2267 3031 ad
2298 2966 2678 3048 dirigendas
2710 2985 2916 3032 naves

554 3086 766 3148 neque
811 3069 895 3133 ad
926 3069 1293 3133 metiendas
1330 3066 1601 3149 vigilias
1632 3066 2065 3148 adhibentur3
2109 3067 2304 3134 hodie
2341 3072 2602 3133 tantum
2646 3072 2919 3150 propter

548 3171 958 3250 splendorem
1004 3169 1327 3252 eximium,
1372 3170 1429 3235 si
1475 3168 1749 3252 omnino,
1797 3189 1839 3234 a
1883 3170 2081 3251 vulgo
2124 3175 2504 3236 noscuntur.

1524 3394 1937 3403 ᾖ

1370 3646 1521 3751 §a
1606 3658 1729 3726 De
1780 3656 2087 3738 iugulis

1208 3820 1248 3888 Ι.
1319 3820 1408 3889 De
1455 3820 1815 3905 iugulat-um
1864 3819 2250 3889 nominibus

719 3952 1067 4037 Iuyula,
1117 3976 1245 4018 -ae
1289 3956 1798 4039 veliuyulae,
1846 3977 2119 4020 -arum
2150 3956 2329 4022 fem.:
2375 3956 2910 4038 proficiscendum

549 4055 736 4125 nobis
796 4061 897 4121 est
957 4075 994 4122 e
1044 4058 1362 4124 Varronis
1420 4059 1561 4125 loco
1622 4061 1702 4125 de
1761 4061 1803 4124 1.
1864 4060 1904 4124 l.
1966 4059 2095 4126 VII
2147 4062 2262 4126 50:
2324 4060 2519 4141 Apud
2576 4059 2913 4124 Plautum:

545 4178 793 4242 neque
837 4159 1132 4242 ’Σαραία
1179 4179 1433 4244 neque
1474 4181 1918 4243 vesperuyo
1961 4183 2210 4246 neque
2252 4164 2655 4246 verqiliae
2707 4164 2907 4225 occi-

720 4327 762 4397 1)
787 4327 1047 4395 Sequitur
1064 4327 1306 4383 Isidorus
1325 4329 1655 4385 Eucherium
1673 4336 1732 4385 et
1748 4331 2090 4401 Gregorium,
2116 4331 2211 4399 qui
2228 4331 2405 4387 fusius
2423 4332 2562 4386 hanc
2581 4329 2909 4384 sententiam

543 4415 910 4471 excoluerant.
982 4430 1034 4469 v.
1070 4414 1132 4469 F.
1169 4414 1379 4484 Piper
1413 4416 1449 4471 1.
1485 4417 1521 4471 1.
1558 4417 1602 4486 Ι,
1641 4417 1674 4469 2
1709 4434 1761 4486 p.
1799 4417 1917 4471 299.

2499 4501 2596 4554 12*
