3576 5085
489 433 595 520 75]
892 434 974 487 De
1012 433 1291 487 stellarum
1328 431 1692 501 appellatione
1729 436 1786 485 et
1821 430 2084 500 religione
2119 431 2365 485 Romana
2725 434 2847 497 167

487 623 679 685 quam
723 605 1004 669 Plautus
1064 621 1316 683 quoque
1371 601 1442 666 in
1483 601 1811 667 Rudentis
1865 601 2132 682 prologo
2185 601 2489 685 t.etigit.¹)
2600 602 2853 666 Amant

484 712 837 788 praeterea
865 710 1100 786 poetae
1132 705 1417 770 animam
1449 705 1776 786 nymphae
1807 703 2018 784 ipsam
2050 703 2217 770 astri
2249 709 2463 770 motus
2509 710 2848 786 regentem

488 809 875 892 describere,
934 813 1012 873 ut
1060 808 1302 873 Lucan.
1362 808 1433 872 II
1491 808 1648 872 237:
1709 805 2057 870 Parrhasis
2115 807 2388 890 obliquos
2432 806 2645 871 Helice
2710 827 2849 871 cum

484 919 735 976 verteret
754 931 914 976 axes,
981 911 1123 976 Hoc
1147 911 1457 975 cohaeret
1489 928 1631 974 cum
1656 913 1955 975 veterum
1980 908 2284 988 opinione
2310 909 2560 975 animas
2592 909 2853 978 divinas

488 1014 556 1080 in
603 1014 801 1080 astris
846 1012 1176 1097 versari.2)

657 1118 785 1183 Sed
830 1118 1210 1197 plerumque
1241 1116 1679 1181 Romanorum
1711 1120 2013 1180 auctores
2045 1114 2297 1180 iterant
2327 1114 2623 1180 fabulam
2666 1115 2850 1181 illam

484 1220 895 1285 notissimam
926 1219 1363 1300 Callistonem,
1396 1217 1699 1283 dilectam
1724 1216 1991 1298 penitus
2017 1235 2316 1299 supremo
2342 1217 2502 1299 lovi,
2529 1219 2852 1283 Arcadem

488 1321 843 1405 peperisse,
889 1323 1003 1387 sed
1036 1341 1077 1386 a
1106 1321 1353 1387 Iunone
1395 1320 1576 1385 irata
1621 1319 1689 1384 in
1735 1338 1958 1385 ursam
1991 1338 2134 1385 esse
2166 1338 2561 1402 conversam,
2608 1326 2677 1386 et
2708 1339 2852 1385 cum

489 1424 700 1489 Arcas
731 1422 906 1488 filius
941 1428 1219 1489 venator
1246 1422 1449 1504 ipsam
1483 1428 1888 1505 sequeretur,
1922 1442 1962 1487 a
1992 1423 2147 1488 Iove
2178 1441 2312 1488 una
2342 1441 2485 1488 cum
2517 1424 2779 1488 Arcade
2801 1423 2853 1507 3)

490 1525 668 1592 inter
699 1525 922 1592 sidera
950 1532 1280 1606 receptam
1314 1544 1473 1609 esse,
1505 1525 1744 1590 iratam
1774 1529 1995 1591 autem
2019 1525 2331 1591 Iunonem
2364 1525 2739 1608 perfecisse,
2769 1545 2854 1591 ne

490 1628 733 1694 Oceani
763 1629 948 1710 aquis
977 1629 1196 1697 lavari
1226 1628 1449 1709 possit.
1517 1628 1702 1711 Quae
1732 1627 1961 1694 fabula
1991 1647 2114 1708 quo
2146 1630 2331 1694 modo
2362 1630 2538 1708 apud
2568 1629 2855 1695 Graecos

488 1736 631 1797 orta
662 1736 861 1812 atque
895 1733 1162 1798 exculta
1192 1731 1300 1815 sit,
1330 1750 1647 1811 quaerere
1676 1730 1873 1795 huius
1910 1730 2035 1796 loci
2065 1750 2194 1796 non
2226 1731 2403 1814 est.4)
2494 1730 2852 1796 Videamus

487 1839 742 1901 tantum
789 1854 1108 1915 quasnam
1154 1833 1490 1914 opiniones
1534 1833 1815 1898 Romani
1876 1852 2019 1898 cum
2066 1832 2429 1898 Callistone
2473 1833 2857 1899 stellificata

491 1936 964 2002 coniunxerint.
1010 1937 1104 2001 Et
1119 1935 1269 2017 ipsa
1290 1936 1471 2001 sidus
1496 1953 1682 2002 suum
1699 1934 1896 2018 regit,
1921 1939 1997 2000 ut
2020 1934 2267 2018 Helice,
2292 1937 2463 2015 quod
2487 1935 2850 2015 plaustrum

491 2045 611 2122 est,
651 2039 900 2105 Arcadi
944 2058 991 2104 s,
1024 2039 1308 2104 Arcturo
1355 2038 1790 2102 conscendere
1834 2056 1963 2102 non
2008 2039 2236 2102 datum
2285 2035 2544 2121 (Avien.
2575 2038 2644 2102 II
2684 2038 2855 2120 260).

662 2157 956 2242 Originis
1002 2158 1363 2224 Arcadicae
1407 2156 1791 2239 saepissime
1835 2157 2228 2223 mentionem
2259 2156 2540 2223 iniciunt
2571 2158 2855 2224 ethnicis

488 2261 591 2328 usi
633 2261 906 2325 Arcadii
969 2262 1176 2346 (sidus
1237 2260 1386 2326 Sen.
1431 2260 1586 2325 Oed.
1629 2262 1786 2342 4773
1849 2265 2099 2325 astrum
2159 2260 2308 2325 Val.
2355 2261 2572 2327 Flacc.
2618 2262 2653 2326 Ι
2695 2264 2857 2344 481;

491 2367 613 2432 dea
656 2365 802 2431 Val.
861 2365 1080 2430 Flacc.
1126 2366 1186 2431 V
1232 2364 1388 2444 2053
1450 2381 1642 2428 ursae
1704 2362 1851 2428 Sen.
1897 2362 2091 2428 Herc.
2137 2362 2261 2429 fur.
2309 2365 2477 2448 130),
2536 2363 2854 2446 Eryman-

489 2467 652 2532 thius
697 2467 1236 2553 (Erymanthidos
1282 2484 1474 2532 ursae
1521 2465 1635 2532 Ov.
1679 2465 1852 2530 trist.
1897 2465 1932 2530 Ι
1961 2467 2019 2548 4,
2067 2467 2136 2549 13
2185 2469 2283 2549 11,
2326 2466 2450 2551 15),
2496 2465 2857 2550 Lycaonius

490 2570 788 2655 (Callisto
841 2571 982 2636 Cat.
1026 2571 1255 2637 LXVI
1297 2570 1411 2651 663
1473 2574 1691 2634 arctos
1737 2569 1856 2636 Ov.
1900 2570 2084 2635 Fast.
2128 2570 2236 2634 III
2283 2570 2423 2652 793,
2470 2570 2703 2636 Avien.
2748 2571 2857 2637 III

492 2675 634 2756 759,
669 2676 854 2757 1340,
885 2674 1222 2739 Claudian.
1253 2674 1487 2739 XXVI
1519 2673 1677 2755 2463
1725 2672 1869 2738 axis
1901 2673 2017 2739 Ov.
2055 2672 2231 2739 trist.
2262 2673 2367 2737 III
2413 2675 2470 2756 2,
2516 2674 2587 2755 2;
2635 2673 2856 2740 chorei

494 2775 728 2842 Avien.
758 2776 829 2840 II
861 2778 1017 2857 1433
1070 2775 1185 2841 fax
1229 2776 1463 2842 Avien.
1509 2775 1616 2841 III
1663 2777 1777 2857 543
1839 2775 2062 2856 puella
2105 2776 2281 2840 Man.
2326 2776 2434 2839 III
2478 2776 2637 2855 3593
2701 2794 2860 2841 ursa

495 2878 618 2944 AV.
663 2878 734 2941 II
781 2880 921 2959 118,
970 2879 1153 2960 1230,
1198 2878 1570 2942 Maenalius
1614 2876 1758 2962 (Ov.
1787 2878 1973 2943 Fast.
2004 2877 2074 2942 Π
2107 2878 2259 2961 192)
2302 2877 2632 2941 Maenalis
2677 2884 2857 2957 (ursa

496 2978 610 3045 Ov.
635 2980 837 3045 Trist.
870 2980 975 3046 III
1003 2982 1101 3063 11,
1126 2981 1209 3064 8),
1244 2979 1550 3064 Odrysius
1581 2980 1857 3065 (triones
1880 2980 2076 3045 Mart.
2109 2980 2241 3045 VII
2265 2979 2434 3064 811),
2457 2979 2859 3043 Parrhasius

494 3080 867 3167 (Parrhasis
926 3083 1094 3148 Stat.
1157 3084 1360 3149 Theb.
1421 3083 1554 3149 VII
1613 3085 1683 3165 83
1742 3088 1931 3149 astra
1990 3082 2161 3149 Stat.
2222 3083 2423 3148 Theb.
2484 3082 2653 3148 VIII
2698 3082 2855 3164 3703

493 3190 714 3251 arctos
774 3186 943 3251 Stat.
1002 3186 1160 3253 Silv.
1204 3187 1299 3252 IV
1343 3188 1402 3268 5,
1464 3187 1535 3268 53
1599 3186 1744 3252 axis
1807 3187 1952 3252 Sen.
2012 3186 2203 3251 Herc.
2265 3186 2404 3252 Oet.
2453 3188 2651 3267 1281;
2713 3185 2857 3251 fera

493 3288 689 3353 Mart.
722 3287 875 3368 Cap.
906 3288 1111 3353 VIIII
1150 3290 1306 3370 9123
1354 3289 1586 3354 Helice
1608 3287 1659 3373 5)
1694 3289 1939 3354 Lucan.
1972 3288 2043 3354 Π
2072 3290 2228 3369 237;
2274 3289 2500 3371 iugum
2533 3290 2728 3354 Mart.
2759 3288 2856 3353 VI

492 3392 593 3473 25,
657 3392 726 3471 2;
792 3391 1029 3457 stellae
1086 3391 1202 3458 Ov.
1261 3392 1442 3456 Fast.
1499 3391 1597 3457 IV
1655 3393 1814 3471 5773
1889 3390 2140 3456 triones
2194 3392 2389 3456 Mart.
2452 3392 2549 3457 VI
2611 3392 2713 3475 58,
2780 3394 2857 3473 1;

493 3493 680 3576 virgo
727 3493 843 3560 Ov.
876 3494 1076 3559 Trist.
1113 3494 1186 3559 II
1217 3495 1370 3576 1903
1426 3513 1584 3559 ursa
1615 3494 1729 3561 Ov.
1765 3494 1923 3559 Her.
1954 3493 2153 3558 XVII
2187 3495 2341 3576 1523
2388 3494 2533 3560 Sen.
2578 3495 2858 3560 Phaedr.

495 3597 663 3683 288),
715 3596 1022 3678 Teyeaeus
1065 3595 1278 3681 (virgo
1324 3596 1442 3664 Ov.
1487 3602 1610 3662 art.
1657 3616 1778 3662 am.
1824 3597 1896 3662 II
1938 3596 2065 3681 55).

666 3698 914 3764 Variae
960 3704 1117 3765 sunt
1176 3699 1550 3765 occasiones
1611 3698 1809 3765 etiam
1872 3703 2137 3779 praeter
2195 3698 2567 3765 fabularum
2627 3718 2858 3765 narra·

674 3904 713 3972 1)
750 3904 1034 3973 Recepisse
1069 3920 1188 3959 eam
1224 3904 1445 3959 videtur
1480 3904 1735 3959 Manilius
1758 3905 1787 3959 Ι
1818 3905 1921 3958 276
1956 3906 2022 3960 de
2048 3906 2213 3959 Arcto
2251 3904 2460 3959 dicens:
2500 3904 2686 3959 omnia
2722 3921 2860 3972 quae

497 4005 525 4043 e
560 4004 774 4044 summo
811 3988 1122 4059 despectant
1155 3989 1341 4044 sidera
1377 3990 1535 4044 caelo.

673 4073 714 4142 ²)
752 4075 1045 4145 Aegyptiis
1082 4093 1131 4132 v.
1164 4093 1207 4130 c.
1245 4092 1364 4131 eam
1401 4076 1647 4132 vindicat
1681 4077 2011 4131 Plutarchus
2059 4077 2126 4130 de
2150 4076 2278 4131 Isid.
2317 4081 2375 4131 et
2410 4075 2546 4131 Osir.
2583 4092 2698 4144 cap.
2724 4076 2860 4129 XXI

495 4177 546 4230 p.
584 4160 653 4214 36
664 4161 728 4229 Β,
775 4161 930 4215 Indis
978 4161 1250 4216 hodiernis
1285 4161 1351 4215 R.
1389 4162 1665 4218 Andree
1716 4161 2222 4233 Ethnoqraphische
2268 4161 2583 4216 Parallelen
2629 4179 2682 4216 u.
2733 4160 2857 4216 Ver-

491 4246 694 4317 qleiche
728 4263 780 4316 p.
819 4246 936 4302 105.
1251 4246 1290 4316 ³)
1329 4247 1433 4314 Qui
1470 4249 1739 4303 Arcturus
1775 4248 1857 4317 fit,
1893 4264 1946 4303 v.
1984 4264 2150 4315 supra
2182 4265 2233 4316 p.
2269 4248 2352 4301 55.

668 4333 713 4401 ⁴)
751 4349 801 4388 v.
838 4334 904 4388 R.
941 4334 1168 4388 Franz
1216 4333 1306 4387 De
1357 4333 1675 4390 Callistonis
1715 4334 1912 4403 fabula
1958 4333 2142 4402 Leipz.
2192 4334 2345 4388 Stud.
2381 4334 2494 4387 XII
2538 4349 2589 4400 p.
2627 4331 2858 4399 235sqq.

673 4419 716 4490 ὓ)
753 4418 902 4485 Quae
937 4420 1140 4489 passim
1177 4436 1296 4475 cum
1337 4420 1632 4476 Callistone
1669 4419 2035 4489 confunditur,
2074 4436 2126 4475 v.
2165 4435 2345 4488 supra.
