3576 5085
716 430 843 495 154
1620 427 1923 481 Guilelmus
1960 424 2175 481 Gundel
2968 426 3080 513 [62

716 600 974 665 delator
1021 600 1198 681 (Tac.
1243 616 1392 663 ann.
1435 597 1507 662 II
1549 599 1634 662 28
1653 597 1847 681 sqq.);
1909 595 1977 661 in
2033 596 2248 661 titulis
2294 601 2644 662 occurrunt
2703 597 2805 661 hi:
2855 597 2996 663 CIL
3043 600 3080 665 I

713 704 840 768 286
887 702 1013 766 CN.
1044 700 1293 766 LVCR.
1328 700 1569 780 TRIO;
1617 700 1650 764 I
1694 701 1819 765 451
1846 699 1921 764 L.
1967 698 2372 764 LVCRETI.
2414 699 2654 780 TRIO3
2697 700 2757 764 V
2804 702 2973 766 8464
3006 703 3080 767 Τ.

713 803 1076 887 QVINC'PI
1108 801 1494 882 TRIONIS;
1532 802 1639 866 III
1662 802 1833 866 5436
1861 802 1923 866 C.
1957 801 2235 866 LICINI
2267 800 2652 881 TRIONIS;
2684 802 2791 867 III
2815 804 2984 868 2735
3001 805 3077 868 Ρ.

714 906 1043 972 AELIVS
1104 904 1398 971 VERVS
1458 904 1660 969 AEL.
1728 903 2038 969 TRIONI
2082 904 2372 968 MATRI
2422 904 3080 972 PIENTISSIMAE.

884 1010 1133 1074 Tamen
1192 1005 1504 1072 extremis
1563 1005 1826 1086 imperii
1871 1006 2148 1070 Romani
2211 1005 2494 1072 saeculis
2555 1007 3074 1087 septentrionum

711 1112 890 1178 notio
936 1111 1087 1176 aliis
1133 1109 1420 1175 eiusdem
1481 1108 1715 1173 sideris
1777 1107 2334 1188 appellationibus
2403 1108 2678 1173 cessisse
2739 1113 2807 1174 et
2865 1110 3079 1177 rarior

709 1216 888 1280 facta
933 1214 1199 1280 videtur
1230 1230 1388 1278 esse.
1446 1213 1631 1294 Quod
1663 1210 1968 1293 colligam
2000 1229 2035 1275 e
2068 1210 2375 1292 Gregorii
2405 1212 2804 1277 Turonensis
2834 1214 3077 1297 verbis

713 1336 880 1398 quae
912 1316 1184 1396 scripsit
1230 1315 1306 1378 de
1342 1334 1529 1377 eursu
1559 1314 1882 1377 stellarum
1914 1314 1975 1395 (ἓ
2006 1314 2090 1379 56
2124 1314 2219 1377 ed.
2251 1313 2435 1377 Frid.
2482 1314 2548 1378 H
2560 1333 2704 1379 aas
2724 1333 2760 1380 e
2805 1316 3077 1382 Vratisl.

713 1419 937 1503 1853):
960 1418 1034 1481 de
1062 1418 1159 1481 his
1186 1418 1379 1481 stellis
1402 1436 1558 1497 quas
1580 1418 1806 1479 rustici
1824 1416 2182 1496 plaustrum
2213 1420 2427 1479 vocant
2458 1416 2613 1496 quid
2644 1416 2844 1480 dicere
2858 1438 3075 1498 possu-

712 1541 850 1585 mus
874 1569 888 1584 .
916 1568 932 1584 .
957 1572 972 1586 .
995 1542 1035 1583 a
1076 1518 1453 1600 sapientibus
1481 1520 1808 1599 septentrio
1840 1522 2091 1581 vocatur
2111 1523 2368 1599 propter
2395 1539 2743 1584 numerum.
2791 1520 2920 1585 Sed
2946 1540 3075 1586 om-

710 1626 864 1689 nino
890 1641 1195 1705 repressa
1216 1624 1380 1688 haec
1403 1622 1582 1687 notio
1606 1640 1734 1686 non
1759 1626 1878 1686 est.
1918 1622 2083 1686 Nam
2107 1622 2436 1686 retinetur
2463 1621 2701 1687 sideris
2726 1641 2958 1689 nomen
2973 1625 3080 1690 his

709 1726 871 1808 ipsis
914 1726 1318 1808 temporibus
1351 1744 1391 1789 a
1422 1723 1898 1806 FrancogalliS,
1930 1723 2167 1804 quibus
2202 1724 2478 1789 cultiore
2511 1743 2806 1791 sermone
2836 1725 3072 1808 septen-

709 1831 875 1893 trion
890 1834 1182 1911 vocatur,
1206 1829 1287 1892 ab
1308 1826 1516 1910 Italis,
1543 1845 1812 1907 quorum
1836 1827 2225 1890 settentrione
2241 1845 2323 1892 ex
2339 1827 2455 1891 illa
2481 1828 2756 1908 antiqua
2781 1831 3073 1909 appella-

710 1933 888 1997 tione
934 1933 1278 1997 deductum
1327 1934 1445 1995 est.
1534 1929 1763 1995 Etiam
1800 1929 2087 2009 Hispani
2118 1935 2390 1995 servant
2436 1948 2656 1996 vocem
2686 1934 3080 2015 septentrion,

711 2053 855 2100 cum
901 2032 1209 2098 Lusitani
1255 2037 1321 2097 et
1364 2032 1673 2098 Germani
1738 2050 1962 2097 vocem
2021 2032 2349 2113 ignorent.
2454 2032 2700 2097 Horum
2760 2052 2888 2098 non
2948 2034 3076 2100 nisi

713 2136 1036 2200 doctiores
1080 2134 1376 2200 nonnulli
1422 2152 1644 2200 vocem
1682 2139 2177 2215 usurpaverunt,
2233 2152 2501 2213 quorum
2564 2134 2767 2199 affero
2811 2136 2921 2200 Ro
2948 2155 3076 2200 es-

708 2237 773 2301 li
796 2257 836 2301 n
857 2256 899 2301 u
917 2256 977 2301 m
1012 2237 1141 2300 Von
1170 2235 1445 2316 heutiyer
1470 2236 1607 2297 Zeit
1628 2234 2137 2316 Besehaflenheit‚
2163 2236 2593 2316 Argentorati
2621 2238 2786 2302 1609
2816 2256 2954 2317 cap.
2976 2238 3075 2303 IV

710 2360 770 2420 p.
806 2342 838 2404 1
860 2339 951 2403 E:
996 2337 1133 2401 Der
1185 2338 1387 2402 Comet
1423 2337 1569 2400 aber
1601 2385 1614 2398 .
1650 2388 1662 2401 .
1696 2387 1708 2400 .
1752 2337 1834 2399 ist
1879 2338 2196 2417 auffwerte
2239 2358 2429 2419 yeyen
2460 2338 2845 2419 Septentrion
2889 2339 3074 2403 unnd

709 2441 905 2504 durch
943 2441 1334 2520 Septentrion
1380 2439 1501 2502 biss
1543 2441 1613 2501 in
1653 2438 1769 2501 das
1812 2458 2004 2519 {leyen
2036 2440 2300 2503 Zeiehen
2344 2440 2481 2504 dess
2520 2441 2768 2504 W'iders
2808 2462 3076 2523 yanyen.

881 2544 1156 2610 Iamiam
1238 2546 1323 2608 ad
1389 2530 1566 2608 vocis
1647 2544 2130 2624 septentrionum
2213 2544 2534 2626 originem
2606 2545 3074 2611 illustrandam

709 2650 1112 2714 accedamus.
1204 2666 1284 2711 ex
1327 2645 1411 2710 iis
1473 2645 1641 2725 qua'e
1687 2646 1899 2709 adhuc
1947 2645 2192 2710 contuli
2251 2647 2638 2727 apparuisse
2699 2649 3073 2729 putaverim

709 2749 1223 2817 vetustissimam
1283 2765 1474 2828 quam
1536 2748 1712 2827 apud
1772 2746 2127 2827 scriptores
2195 2749 2475 2830 legimus
2534 2750 2803 2815 formam
2868 2751 3076 2817 fuisse

706 2853 1174 2933 septemtriones.
1260 2851 1436 2915 Hinc
1467 2849 1677 2933 igitur
1706 2850 1894 2914 nobis
1925 2851 2459 2930 proficiscendum
2491 2860 2608 2918 est.
2699 2853 2828 2918 Sed
2859 2854 3073 2934 prius-

710 2975 903 3035 quam
947 2959 1238 3020 nostram
1301 2958 1668 3017 statuamus
1730 2952 2115 3035 opinionem,
2177 2973 2287 3019 eas
2349 2959 2418 3019 et
2475 2961 2777 3020 veterum
2838 2961 2908 3020 et
2972 2976 3075 3022 re-

709 3058 1073 3123 centiorum
1118 3072 1576 3120 recenseamus
1636 3054 1988 3138 opinionesy
2049 3057 2285 3136 quibus
2346 3058 2881 3138 adstipulandum
2945 3078 3075 3125 non

710 3160 815 3225 sit.
919 3159 1205 3240 Quorum
1264 3157 1513 3238 primus
1575 3157 1783 3222 Varro
1855 3163 2077 3238 septem
2132 3161 2359 3222 triones
2419 3160 2675 3241 accepit
2735 3166 3074 3242 tamquam

709 3264 960 3342 septem
1007 3258 1335 3341 trigonas3
1397 3259 1563 3325 dicit
1608 3259 1779 3325 enim
1827 3263 1906 3325 de
1951 3260 2181 3344 lingua
2237 3261 2422 3326 latin.
2468 3263 2599 3327 VII
2645 3264 2758 3328 75:
2813 3268 3075 3344 possunt

709 3365 938 3427 triones
980 3362 1147 3445 dicti,
1202 3362 1335 3426 VII
1373 3362 1537 3443 quod
1578 3364 1669 3425 ita
1711 3363 1866 3425 sitae
1906 3364 2130 3445 stellae,
2172 3369 2243 3428 ut
2287 3369 2496 3427 ternae
2539 3367 2787 3446 triyona
2829 3367 3074 3446 faciant

707 3465 1051 3549 aliquem.¹)
1155 3465 1285 3529 Per
1351 3483 1420 3530 se
1480 3466 1675 3546 plane
1750 3464 1980 3547 inepta
2044 3467 2309 3531 videtur
2360 3466 2859 3548 interpretatio:
2919 3488 3072 3534 nam
3145 3533 3148 3536 ,

705 3570 823 3636 vix
885 3567 1138 3650 putaris
1184 3568 1509 3633 Romanos
1567 3572 1756 3632 tanto
1819 3568 2221 3651 geometriae
2277 3570 2497 3636 studio
2561 3578 2787 3652 captos
2849 3570 3074 3654 fuisse,

707 3676 781 3738 ut
813 3691 895 3738 ex
925 3669 1425 3737 constellatione
1468 3669 1875 3752 singularum
1909 3671 2250 3736 stellarum
2290 3671 2418 3738 sibi
2447 3672 2777 3755 fingerent
2822 3679 3070 3754 septem

705 3776 1022 3857 trigonaS.
1126 3774 1490 3838 Praeterea
1561 3779 1628 3838 et
1688 3793 1728 3839 a
1787 3773 2359 3854 grammaticorum
2421 3776 2681 3858 legibus
2742 3777 3076 3858 abhorret,

707 3879 877 3959 quod
923 3875 1091 3944 vidit
1137 3876 1604 3942 Corssenus
1636 3877 1674 3941 l.
1705 3877 1745 3942 l.
1792 3895 1940 3958 pag.
1972 3877 2097 3941 513
2132 3879 2279 3943 adn.
2369 3877 2588 3960 Quare
2622 3880 2702 3944 de
2733 3880 2854 3944 hoc
2892 3877 3067 3945 veri-

706 3979 923 4061 loquio
966 3978 1166 4044 silere
1209 3978 1397 4044 nobis
1443 3978 1617 4044 licet.

877 4082 1114 4147 Altera
1172 4081 1642 4163 interpretatio
1702 4101 1743 4146 a
1798 4080 2013 4147 Gellio
2067 4081 2401 4162 profertur
2459 4082 2535 4147 N.
2582 4083 2659 4148 A.
2718 4083 2788 4147 II
2851 4084 2951 4165 21,
2998 4082 3067 4146 6:

702 4186 924 4267 vulqus
969 4236 981 4249 .
1017 4232 1030 4246 .
1067 4232 1080 4246 .
1124 4186 1674 4265 yrammatieorum
1713 4185 2152 4265 septentriones
2196 4205 2235 4248 a
2277 4185 2403 4248 solo
2444 4204 2701 4249 numero
2744 4185 3074 4248 stellarum

880 4321 919 4389 ¹)
955 4321 1201 4375 Eandem
1249 4296 1631 4375 commemorat
1685 4319 2099 4388 explicationem
2149 4321 2346 4375 Festus
2395 4337 2445 4387 p.
2496 4320 2598 4373 339
2615 4320 2713 4388 M.;
2769 4320 3069 4375 Varronem

700 4406 893 4462 laudat
930 4406 1138 4461 Gellius
1174 4407 1240 4460 N.
1278 4408 1342 4460 A.
1379 4407 1437 4459 II
1474 4406 1556 4475 21,
1598 4405 1664 4459 10
1683 4422 1761 4474 sq.
