3576 5085
722 433 854 499 226
1627 432 1933 488 Guilelmus
1968 430 2181 487 Gundel
2529 485 2530 488 ,
2942 431 3106 519 [134

1033 621 1199 686 quas
1243 608 1471 686 portas
1515 603 1682 671 velit
1725 603 1870 686 ipse
1914 603 2121 687 sequi,
2167 602 2403 683 quibus
2447 620 2595 669 esse
2640 602 2886 669 sodalis

1034 704 1347 789 dignetur
1391 705 1607 772 stellis
1653 711 1772 772 aut
1816 725 1947 787 qua
1990 704 2265 789 regione
2308 704 2569 771 morari.

721 808 841 875 Fit
886 808 1123 875 deinde
1167 809 1367 876 stella
1408 808 1828 892 imperatoris
1874 808 2097 875 anima
2158 811 2225 874 et
2268 807 2418 874 fata
2462 806 2765 874 stellaria
2809 807 3104 890 patitur:

1032 935 1101 995 te
1147 933 1303 995 tuus
1348 929 1647 996 Oceanus
1691 928 1910 995 natali
1953 928 2222 1011 gurgite
2266 927 2512 995 lassum

1032 1031 1282 1115 excipit
1324 1037 1395 1099 et
1436 1032 1613 1098 notis
1658 1031 1994 1114 Hispania
2036 1029 2286 1112 proluit
2326 1030 2597 1116 undis.¹)

896 1169 1028 1236 Sed
1100 1170 1379 1236 extabat
1436 1173 1707 1250 praeter
1763 1171 1937 1235 hanc
2012 1167 2148 1234 alia
2209 1167 2627 1251 superstitiO,
2689 1186 2858 1249 quae
2919 1168 3108 1235 inter

722 1271 1049 1338 Romanos
1089 1271 1426 1355 popularis
1472 1271 1681 1338 fuisse
1724 1271 2003 1340 videtur.
2093 1271 2323 1338 Stellis
2367 1270 2537 1337 enim
2583 1290 2624 1337 a
2668 1271 2797 1337 diis
2840 1271 3105 1338 immor-

714 1373 972 1440 talibus
995 1374 1223 1439 datum
1247 1392 1407 1456 esse,
1437 1379 1515 1439 ut
1543 1374 1773 1439 futura
1803 1373 2175 1440 hominibus
2199 1373 2769 1457 praenuntiarent,
2799 1393 2949 1456 pag.
2974 1374 3104 1440 123

723 1475 1029 1543 vidimus.
1118 1475 1307 1570 Quod
1365 1476 1424 1541 si
1470 1475 1707 1542 sideris
1753 1476 2031 1543 alicuius
2077 1475 2302 1543 subita
2365 1476 2783 1559 apparitione
2844 1476 3103 1542 indica-

722 1580 926 1645 batur
954 1577 1235 1645 hominis
1264 1577 1546 1645 alicuius
1589 1578 1816 1644 eximii
1846 1584 2065 1662 natuS,
2100 1598 2260 1645 casu
2298 1597 2456 1647 vero
2485 1579 2766 1645 hominis
2810 1598 3102 1664 occasuS,

721 1681 921 1748 facile
964 1682 1263 1748 rudiores
1308 1681 1510 1748 animi
1555 1683 2075 1766 adducebantur,
2119 1686 2196 1748 ut
2233 1682 2492 1749 omnino
2538 1701 2852 1749 arcanum
2897 1698 3102 1765 quen-

722 1786 869 1853 dam
913 1804 1155 1852 nexum
1199 1785 1377 1852 inter
1420 1785 1659 1852 stellae
1702 1786 1922 1851 lumen
1970 1790 2041 1852 et
2083 1784 2365 1851 hominis
2424 1785 2638 1852 vitam
2680 1785 3102 1852 intercedere

720 1893 1111 1972 statuerent,
1135 1907 1375 1955 nexum
1397 1887 1595 1970 plane
1619 1889 1899 1954 similem
1927 1888 2085 1971 eius,
2116 1906 2305 1968 quem
2330 1887 2509 1953 inter
2531 1887 2857 1971 Meleagri
2887 1888 3100 1957 vitam

721 1995 792 2057 et
851 1995 1158 2057 truncum
1220 1989 1494 2057 fatalem
1557 1996 1950 2057 struxerant
2022 1990 2226 2072 prisci
2286 1991 2542 2057 Graeci.
2645 1990 2860 2073 Quam
2920 1990 3098 2073 cogi-

719 2093 1038 2162 tationem
1084 2112 1229 2160 cum
1267 2095 1354 2159 ad
1400 2099 1761 2160 extremum
1808 2093 2143 2176 persecuti
2190 2098 2428 2177 essent,
2475 2092 2916 2177 crediderunt,
2949 2113 3095 2161 cum

721 2201 1108 2263 nasceretur
1151 2196 1339 2261 homo
1378 2195 1675 2280 quilibet,
1722 2196 1965 2262 exoriri
2001 2197 2072 2262 in
2104 2197 2283 2263 caelo
2325 2214 2560 2263 novam
2604 2197 2885 2280 stellam,
2927 2215 3094 2277 quae

720 2299 994 2381 luceret,
1040 2299 1192 2363 dum
1237 2298 1506 2366 viveret
1563 2297 1696 2381 ille,
1755 2318 1925 2379 quae
1990 2318 2146 2367 vero
2207 2300 2727 2383 extingueretur,
2790 2318 2934 2366 cum
2992 2299 3093 2364 illi

723 2404 903 2466 esset
945 2399 1367 2466 moriendum.
1457 2399 1658 2467 Cuius
1704 2400 2201 2482 superstitionis
2260 2420 2453 2483 quam
2497 2400 2846 2484 impugnat
2889 2402 3092 2468 diser·

722 2502 1019 2569 tissimus
1095 2503 1290 2569 testis
1352 2507 1457 2569 est
1515 2502 1775 2570 Plinius
1850 2503 2002 2571 Nat.
2059 2503 2214 2570 hist.
2274 2504 2347 2571 H
2390 2507 2476 2572 28
2490 2522 2615 2586 sq.:
2674 2504 2882 2569 smera
2941 2524 3095 2589 quae

723 2604 942 2687 adfixa
982 2605 1263 2669 diximus
1321 2606 1574 2690 mundO,
1633 2626 1762 2671 non
1819 2607 1968 2692 illa,
2027 2613 2097 2671 ut
2145 2609 2454 2672 emistimat
2509 2608 2763 2692 vulqus,
2825 2608 3096 2690 sinyulis

724 2707 1023 2773 attributa
1095 2708 1272 2774 nobis
1330 2716 1388 2773 et
1451 2710 1628 2774 clara
1685 2709 1981 2775 dim'tibus
1997 2762 2013 2794 ,
2070 2712 2318 2775 minora
2362 2709 2781 2794 pauperibuS,
2842 2710 3097 2774 obscura
3154 2743 3159 2745 Δ

900 2879 943 2949 ¹)
980 2879 1321 2934 Describitur
1355 2879 1550 2934 deinde
1587 2884 1739 2935 ortus
1790 2886 1849 2934 et
1884 2895 2075 2936 cursus
2109 2885 2408 2936 nocturnus
2443 2879 2573 2935 novi
2608 2881 2818 2936 sideris.
2890 2880 3097 2936 Similia

725 2965 872 3034 apud
909 2964 1268 3020 Claudianum
1303 2965 1535 3020 redeunt
1570 2981 1735 3019 carm.
1758 2965 1902 3022 VIII
1927 2964 2028 3018 184
2042 2981 2174 3035 sqq.,
2212 2981 2317 3033 quo
2353 2967 2467 3021 loco
2503 2967 2666 3021 stella
2700 2966 2892 3036 hospes
2926 2965 3097 3021 alieni

728 3049 989 3118 temporis
1022 3054 1354 3105 memoratur
1387 3054 1554 3118 atque
1590 3051 1656 3105 de
1690 3051 1749 3106 vi
1783 3062 1843 3106 et
1877 3057 2080 3107 natura
2114 3052 2335 3107 audacis
2382 3052 2576 3107 sideris
2612 3052 2901 3121 disputans
2936 3057 3098 3122 poeta

727 3137 786 3191 in
804 3135 1029 3190 dubium
1047 3140 1234 3190 vocat:
1259 3135 1372 3189 sive
1388 3152 1594 3205 parens
1611 3137 1870 3206 Augusta
1884 3136 2018 3206 t‘m‘t,
2037 3153 2133 3191 seu
2152 3137 2301 3204 forte
2318 3136 2529 3192 reluxit
2558 3138 2566 3207 Ι
2597 3137 2713 3192 divi
2729 3137 2887 3192 sidus
2902 3137 3009 3192 avi.
3027 3168 3097 3178 —

725 3221 929 3277 Eadem
943 3220 1219 3275 sententia
1235 3220 1324 3275 hic
1339 3221 1453 3276 illic
1471 3222 1729 3290 apparuit
1745 3237 1842 3292 per
1861 3223 2041 3277 omnia
2058 3223 2278 3278 saecula
2294 3238 2466 3292 usque
2486 3224 2556 3278 ad
2568 3223 2668 3278 hoc
2684 3229 2919 3292 tempus.
2956 3224 3097 3278 Mar-

726 3314 916 3376 tyrum
949 3305 1459 3362 transformationes
1505 3309 1794 3378 neglegam
1833 3324 1902 3363 ne
1935 3308 2135 3378 longus
2173 3309 2291 3364 sim.
2363 3309 2546 3364 Unum
2588 3310 2896 3379 exemplum
2929 3309 3095 3365 huius

714 3393 898 3461 ipsius
919 3392 1118 3447 aetatis
1138 3391 1333 3448 afferre
1348 3392 1499 3462 libet,
1519 3408 1625 3461 quo
1638 3398 1902 3462 appareat
1920 3393 2168 3449 omnibus
2180 3394 2515 3463 temporibus
2526 3394 2668 3449 hanc
2681 3410 2749 3449 ex
2762 3394 3095 3464 simplicibus

728 3478 925 3532 animis
949 3478 1132 3532 enasci
1155 3477 1562 3547 cogitationem.
1610 3479 1847 3548 Legitur
1869 3479 1927 3534 in
1952 3479 2089 3534 actis
2114 3479 2323 3535 diurnis
2348 3479 2698 3536 Gissensibus
2715 3480 2800 3534 30.
2824 3481 2937 3536 VH
2960 3479 3096 3534 1903

728 3563 840 3631 (Nr.
879 3562 995 3631 176,
1031 3562 1122 3617 iol.
1148 3562 1197 3631 Ι)
1220 3562 1355 3618 haec
1375 3563 1620 3618 narratio
1656 3564 1722 3618 de
1745 3564 2055 3619 ascensione
2079 3571 2136 3620 et
2158 3565 2638 3621 transformatione
2674 3566 2889 3621 animae
2913 3567 3097 3634 Papae

727 3647 925 3704 Leonis
977 3647 1149 3702 XIII:
1210 3647 1339 3702 Wer
1383 3647 1560 3702 dieser
1612 3649 1756 3718 Tage
1804 3648 1977 3703 durch
2023 3649 2111 3704 die
2158 3649 2397 3717 Strasscn
2444 3650 2747 3706 Dissabons
2804 3651 3095 3721 wanderte,

729 3733 826 3788 der
859 3733 1059 3787 konnte
1105 3732 1208 3788 das
1253 3733 1663 3789 wanderbarste
1709 3735 1849 3790 aller
1883 3735 2234 3806 Schauspiele
2281 3736 2442 3791 seben
2485 3737 2605 3791 und
2638 3736 2871 3792 anbetcm
2907 3779 2920 3792 .
2960 3781 2972 3794 .
3009 3735 3098 3791 die

729 3819 1171 3887 „Himmelfalvrt
1193 3818 1290 3874 der
1326 3819 1472 3875 Seclc
1495 3819 1672 3891 Papst
1696 3820 1840 3876 Leos
1861 3821 2071 3876 X111.“
2110 3865 2122 3877 .
2149 3865 2161 3877 .
2188 3865 2202 3878 .
2225 3822 2489 3877 Fromme
2528 3823 2697 3878 Leute
2730 3823 2949 3877 knieten
2973 3821 3100 3878 dort

728 3904 846 3960 und
881 3904 1088 3960 be'tetcn
1122 3905 1241 3960 und
1274 3907 1520 3960 starrten
1554 3907 1919 3963 unverwandt
1949 3924 2077 3962 zum
2104 3907 2356 3963 Himmcl
2378 3907 2593 3975 hinauf.
2678 3907 2801 3964 Und
2832 3907 3096 3978 wirklich,

729 3991 858 4046 dort
891 4007 985 4045 am
1017 3991 1328 4046 westlichen
1363 3992 1643 4048 Horizont
1673 3993 1738 4047 in
1774 3993 1873 4047 der
1895 3993 2053 4049 Nlihe
2086 3993 2181 4047 der
2206 3994 2389 4049 Somne
2422 3993 2624 4048 konnte
2659 4009 2795 4048 man
2832 3996 2972 4048 trotz
3006 3993 3099 4048 des

735 4075 1094 4148 Tayeslichtes
1151 4077 1310 4132 einen
1369 4077 1693 4133 blinkendcn
1741 4078 1908 4133 δέοντι
1953 4078 2355 4134 wahrnehmen.
2448 4079 2596 4134 Eine
2644 4079 2753 4133 alte
2798 4078 2964 4133 Frau
3015 4078 3100 4133 bc·

731 4163 1000 4233 hauptete,
1037 4161 1145 4229 ἀαβ
1176 4178 1231 4217 es
1266 4162 1354 4218 die
1390 4163 1537 4218 Seele
1572 4163 1664 4218 des
1701 4165 1851 4219 toten
1884 4165 2122 4235 Papstes
2157 4165 2236 4220 sci
2277 4164 2395 4220 und
2440 4164 2543 4219 das
2585 4164 2720 4222 Volk
2749 4164 2973 4235 glaubtc
3006 4164 3100 4219 ϋη-

729 4248 846 4303 und
878 4248 1018 4304 sank
1051 4248 1166 4316 auf
1205 4248 1293 4303 die
1325 4249 1494 4304 Knie.
1582 4249 1892 4320 Veryeblich
1944 4250 2217 4306 erklc‘irten
2264 4251 2352 4306 dic
2385 4250 2697 4321 Zeitwnyen
2741 4253 2943 4320 δρᾶτον,
2989 4250 3101 4317 ᾱαβ

721 4334 882 4403 jener
929 4335 1096 4390 Stcrn
1134 4377 1144 4388 .
1185 4378 1196 4390 .
1248 4333 1344 4389 der
1391 4334 1734 4390 Abemlstern
1788 4334 1970 4391 Venus
2013 4352 2250 4407 qewesen
2285 4337 2363 4393 sei
2401 4379 2411 4390 .
2451 4381 2463 4393 .
2504 4379 2517 4391 .
2556 4335 2659 4391 das
2702 4335 2836 4392 Volk
2877 4335 3099 4407 ylaubte

730 4419 836 4474 den
869 4420 1174 4490 Zeitunye‘n
1208 4419 1363 4475 nicht
1394 4419 1513 4476 und
1546 4419 1777 4476 schwo'rt
1811 4423 1943 4491 aufs
1988 4421 2249 4480 Wunder.
