3576 5085
685 461 811 527 116
1589 457 1894 513 Guilelmus
1930 458 2145 513 Gundel
2936 455 3047 546 [24

683 630 817 697 boli
863 647 1218 712 cognomen
1265 647 1409 695 esse
1452 633 1791 711 putarent,
1833 627 1905 694 id
1950 646 2202 710 quoque
2266 632 2664 710 spreverunt
2722 634 2793 694 et
2840 648 3048 710 vesper

687 752 849 800 voce
884 732 1234 814 praecipue
1278 731 1383 797 usi
1441 737 1616 798 sunt.
1702 732 1890 814 Quod
1951 732 2244 812 exemplo
2289 731 2656 814 Augustini
2677 730 2729 816 1)
2774 731 3048 813 eiusque

685 835 913 902 verbis
957 852 1126 916 quae
1169 836 1252 900 de
1281 852 1407 900 usu
1444 835 1861 916 planetarum
1904 833 2232 899 nominum
2262 834 2532 915 saepius
2575 833 2756 918 facit,
2802 834 3049 916 optime

688 937 1127 1005 demonstrari
1158 937 1453 1022 potest.2)
1541 937 1770 1019 Neque
1799 942 2023 1002 tamen
2052 955 2275 1002 eorum
2304 936 2564 1003 dicendi
2595 954 2773 1002 more
2801 937 3051 1003 factum

685 1046 803 1124 est,
847 1044 926 1107 ut
969 1039 1248 1108 Veneris
1294 1058 1649 1123 cognomen
1692 1038 2020 1105 interiret.
2106 1040 2310 1105 Immo
2354 1039 2718 1122 astrologia
2759 1059 2879 1121 per
2918 1058 3049 1107 me-

685 1143 865 1210 dium
926 1162 1160 1209 aevum
1218 1143 1681 1224 potentissima
1739 1142 1990 1226 effecit,
2064 1147 2141 1207 ut
2205 1142 2400 1208 hodie
2459 1160 2714 1223 quoque
2773 1142 3050 1225 vigeant

683 1247 859 1327 apud
916 1246 1121 1312 Italos
1180 1264 1413 1312 nomen
1468 1245 1707 1328 Venere,
1773 1244 2132 1311 Lusitanos
2186 1244 2407 1327 Venae,
2468 1245 2691 1311 Gallos
2735 1244 2911 1310 etoile
2968 1247 3050 1311 de

694 1347 1274 1431 Venas,‚Hispanos
1296 1347 1630 1412 ‹as-trellade
1651 1347 1874 1431 Venae,
1898 1347 2261 1414 Germanos
2289 1347 2488 1411 Venas
2523 1349 2632 1414 vel
2657 1346 3050 1414 Venasstem.

1211 1571 1278 1638 ll.
1357 1570 1445 1640 De
1491 1570 1766 1640 Veneris
1811 1569 2045 1639 stellae
2089 1569 2522 1656 opinionibus.

854 1724 1379 1807 Sententiarum,
1440 1743 1603 1806 quas
1662 1728 1925 1791 veteres
1981 1723 2263 1790 Romani
2336 1726 2417 1790 de
2477 1725 2756 1791 Veneris
2813 1727 3049 1794 stellae

683 1831 930 1895 natura
972 1846 1050 1892 ac
1094 1826 1163 1893 vi
1207 1828 1598 1910 habuerunt,
1658 1831 1864 1893 testes
1922 1826 2134 1892 nullos
2194 1827 2511 1893 habemus
2569 1826 2701 1893 nisi
2758 1830 3049 1910 appella-

682 1930 917 1996 tioneS.
1006 1930 1263 1995 Harum
1323 1948 1484 1997 vere
1528 1931 1862 1996 Romanae
1905 1949 2112 2011 vesper
2167 1933 2428 1995 tantum
2473 1933 2645 2013 sunt,
2704 1951 3048 2014 vaporum,

678 2033 896 2113 iubar,
956 2051 1039 2098 ex
1083 2032 1322 2114 quibus
1367 2033 1756 2099 concludere
1803 2033 1965 2098 licet
2011 2033 2334 2098 Romanos
2392 2032 2704 2115 primitus
2761 2038 3051 2117 putasse,

686 2137 851 2200 duas
896 2134 1126 2200 stellas
1173 2153 1316 2201 esse
1355 2134 1654 2201 diversas
1697 2138 1768 2200 et
1800 2135 2172 2216 appellasse
2217 2136 2515 2212 alteram,
2562 2137 2734 2216 quod
2767 2135 2837 2202 in
2868 2128 3079 2203 caelo'

684 2238 1064 2319 vespertino
1110 2243 1480 2320 appareret,
1539 2239 1854 2321 alteram,
1915 2241 2086 2319 quod
2140 2239 2350 2304 lucem
2410 2238 2758 2324 afferret.⁸)
2862 2240 3050 2323 Quod

683 2339 1032 2406 masculini
1090 2340 1356 2422 generis
1415 2359 1558 2407 esse
1617 2341 2052 2424 putabantur,
2110 2339 2343 2406 mirum
2407 2346 2540 2423 est,
2602 2361 2746 2407 cum
2809 2342 3047 2409 ceteris

685 2443 885 2508 astris
926 2441 1308 2524 plerumque
1343 2461 1554 2526 genus
1599 2443 1985 2509 femininum
2030 2443 2440 2510 tribueretur
2484 2444 2736 2529 (moneo
2777 2446 3045 2523 suculas,

679 2547 989 2627 aemiliae,
1035 2546 1303 2629 iayalas,
1340 2547 1730 2631 caniculam).
1788 2546 1920 2613 Sed
1957 2547 2125 2613 certi
2156 2547 2315 2629 quid
2343 2549 2470 2614 hac
2514 2567 2595 2614 ex
2638 2566 2712 2614 re
2752 2550 3049 2615 concludi

682 2667 811 2714 non
855 2653 1094 2731 potest,
1140 2667 1284 2714 cum
1328 2649 1577 2716 nullum
1626 2650 1718 2716 sit
1760 2649 2077 2717 indicium
2136 2670 2182 2716 a
2221 2649 2534 2716 Romanis
2586 2653 2853 2717 deorum
2908 2653 3050 2719 loco

684 2750 895 2817 cultos
941 2770 1085 2817 esse
1128 2757 1248 2818 aut
1277 2771 1623 2835 vesperum
1653 2757 1772 2820 aut
1812 2753 2178 2837 luciferum,
2223 2753 2294 2819 id
2339 2754 2512 2834 quod
2538 2752 2694 2824 aliis
2732 2754 3047 2839 populis⁴)

861 2922 900 2990 1)
937 2922 1078 2977 Vide
1102 2922 1336 2977 indicem
1362 2921 1422 2976 in
1447 2922 1752 2991 Augustini
1774 2938 1939 2990 opera
1957 2923 2163 2977 omnia:
2189 2923 2377 2992 Mign
2392 2939 2421 2977 e
2446 2924 2659 2979 Patrol.
2685 2941 2825 2981 mors.
2852 2926 3044 2995 compl.

682 3024 784 3063 ser.
821 3009 918 3063 lat.
956 3009 1062 3063 vol.
1098 3008 1282 3063 XLVI
1317 3024 1358 3062 s.
1397 3024 1449 3062 v.
1487 3006 1689 3075 lucifer
1728 3012 1785 3062 et
1838 3025 1880 3062 s,
1918 3024 1970 3062 v.
2015 3010 2212 3065 Venas.
2294 3010 2494 3064 Fusius
2547 3010 2799 3079 disputat
2833 3012 2901 3066 de
2947 3012 3048 3067 hoc

685 3094 990 3163 Augustini
1025 3110 1226 3163 genere
1259 3093 1518 3161 loquendi
1553 3094 1614 3148 F.
1650 3093 1816 3161 Piper
1849 3094 1885 3147 l.
1918 3094 1954 3148 l.
1992 3095 2052 3148 H
2085 3111 2137 3163 p.
2174 3095 2293 3149 212.

859 3179 901 3247 ²)
939 3180 1128 3247 Neque
1163 3185 1352 3234 tamen
1386 3195 1531 3234 nova
1564 3179 1785 3234 nomina
1820 3179 2145 3249 intulerunt,
2182 3181 2240 3235 id
2276 3181 2420 3248 quod
2444 3180 2665 3250 septimi
2700 3182 2895 3237 decimi
2930 3198 3048 3237 sae·

683 3265 794 3320 culi
827 3265 1007 3334 magis
1030 3264 1283 3320 relictum
1308 3272 1409 3319 est.
1480 3265 1528 3319 E
1565 3265 1734 3319 variis
1770 3265 2228 3334 appellationibus
2251 3277 2370 3321 tum
2396 3267 2594 3322 creatis
2629 3283 2818 3323 unum·
2834 3268 3047 3337 profero

682 3350 960 3405 Iohannis
995 3351 1228 3420 astrum,
1253 3366 1305 3405 v.
1343 3351 1550 3406 Strau
1567 3351 1824 3406 chium:
1861 3351 2225 3421 Astroynosia
2247 3369 2301 3420 p.
2328 3352 2442 3422 156,
2480 3352 2575 3421 qui
2597 3359 2884 3420 praeterea
2906 3370 3046 3408 com·

686 3442 964 3502 memorat,
1001 3435 1290 3491 luciferum
1327 3453 1361 3491 a
1396 3436 1670 3506 chymiciS,
1708 3437 1805 3504 qui
1840 3453 2065 3505 cuprum
2098 3438 2380 3492 metallum
2416 3438 2474 3492 in
2510 3438 2739 3493 Veneris
2772 3443 3048 3507 potestate

683 3538 802 3577 esse
835 3522 1126 3592 putabant,
1161 3521 1542 3591 Kupferstern
1576 3522 1781 3577 dictum
1818 3538 1951 3577 esse.

858 3608 899 3676 ³)
936 3608 1214 3663 Similibus
1238 3608 1540 3663 rationibus
1563 3607 1818 3663 commoti
1841 3608 2101 3663 dixerunt
2124 3609 2384 3664 Germani
2404 3608 2762 3678 Abendstem,
2790 3610 3048 3680 Momem-

681 3697 849 3764 stem,
894 3693 1296 3763 Tunkelsteme,
1338 3694 1703 3764 Tagessterne.
1751 3694 2059 3764 Singularis
2095 3710 2278 3750 eorum
2302 3696 2600 3764 appellatio
2624 3701 2709 3751 est
2750 3696 3047 3765 Tierstem,

683 3782 825 3849 quod
855 3780 1055 3835 orienti
1090 3796 1313 3850 vespero
1347 3780 1496 3835 ferae
1533 3797 1562 3835 e
1608 3780 1764 3836 silvis
1812 3782 2122 3850 procedant,
2158 3781 2211 3835 J.
2246 3781 2498 3837 Grimm
2534 3782 2571 3836 l.
2608 3783 2643 3836 l.
2681 3798 2732 3849 p.
2770 3781 2889 3836 603.
2970 3782 3049 3837 Et

682 3866 855 3935 Angli
891 3866 1417 3936 cognominaverunt
1443 3882 1728 3935 vesperum
1751 3882 1929 3921 avana
1962 3869 2142 3921 eterra
2166 3867 2202 3922 i.
2231 3882 2275 3921 e.
2312 3867 2666 3921 bubulcorum
2690 3868 2867 3937 stella,
2903 3869 3048 3936 quod

682 3960 929 4020 pastores
966 3957 1023 4006 et
1058 3968 1261 4021 greges
1297 3952 1356 4007 in
1391 3953 1613 4008 stabula
1646 3952 1939 4021 compellit.
2010 3953 2130 4007 Hoc
2162 3952 2437 4022 adnotavi,
2473 3953 2616 4020 quod
2650 3954 2886 4009 Romani
2918 3969 3048 4021 quo-

682 4052 791 4105 que
824 4053 1024 4107 greges
1059 4037 1272 4093 oriente
1303 4054 1532 4107 vespera
1578 4039 1870 4093 redeuntes
1904 4038 2324 4107 descripserunt,
2371 4039 2539 4108 Verg.
2588 4039 2704 4094 Ecl.
2740 4040 2793 4094 X
2827 4040 2924 4095 ¹27:
2972 4039 3047 4093 ite

680 4122 906 4178 domum
939 4126 1181 4190 saturae,
1215 4123 1370 4178 venit
1402 4124 1692 4193 Hesperus,
1727 4124 1807 4178 ite
1843 4124 2094 4193 capellae.
2166 4125 2284 4179 Oul.
2322 4124 2515 4193 202sq.

853 4208 897 4277 ⁴)
917 4210 995 4265 Ut
1012 4209 1227 4278 populis
1240 4211 1310 4266 ad
1323 4210 1587 4265 orientem
1601 4210 1724 4265 sitis
1740 4211 1810 4279 (R
1827 4226 1858 4264 o
1870 4210 1904 4264 b
1919 4225 1948 4264 e
1961 4225 1989 4263 r
2001 4215 2027 4265 t
2040 4226 2065 4264 s
2078 4226 2108 4263 o
2121 4226 2159 4265 n
2185 4210 2220 4264 S
2234 4227 2287 4264 m
2302 4210 2361 4265 it
2373 4210 2678 4280 hReliyion
2691 4209 2789 4264 der
2801 4209 3047 4264 Semiten

678 4312 732 4364 p.
751 4296 848 4365 403
883 4296 936 4350 J.
957 4296 1188 4351 Wellh
1201 4312 1235 4350 a
1248 4312 1285 4350 u
1300 4313 1325 4350 s
1338 4312 1367 4351 e
1380 4313 1417 4350 n
1437 4295 1667 4350 Skizzcn
1686 4294 1806 4348 und
1833 4294 2187 4351 Vorarbciten
2204 4296 2293 4351 III
2309 4313 2360 4365 p.
2380 4297 2448 4351 37
2462 4314 2556 4365 sq„
2576 4296 2663 4364 40)
2691 4301 2747 4350 et
2773 4295 3048 4351 America-

678 4397 871 4436 norum
907 4382 1184 4452 indigenis
1210 4381 1280 4451 (J.
1303 4382 1354 4436 S.
1371 4381 1629 4436 Miiller
1650 4379 1969 4435 Amerikan.
1999 4381 2311 4453 Urreliyion
2329 4399 2380 4451 p.
2406 4382 2490 4437 53.
2515 4381 2655 4447 480).
2708 4381 2856 4435 Vide
2877 4381 3046 4436 etiam

679 4468 725 4519 F
743 4482 786 4521 r.
812 4468 846 4521 S
862 4468 1022 4523 chul
1040 4474 1108 4522 tz
1123 4483 1177 4522 e:
1215 4466 1337 4521 Der
1361 4466 1778 4534 FetischismuS,
1816 4467 1911 4535 qui
1933 4484 2060 4537 pag.
2086 4468 2189 4521 249
2213 4468 2420 4536 templa
2445 4472 2504 4521 et
2526 4466 2793 4521 sacrificia
2827 4466 3046 4522 luciferi
