<?xml version="1.0" encoding="UTF-8"?>
<!DOCTYPE html PUBLIC "-//W3C//DTD XHTML 1.0 Transitional//EN"
    "http://www.w3.org/TR/xhtml1/DTD/xhtml1-transitional.dtd">
<html xmlns="http://www.w3.org/1999/xhtml" xml:lang="en" lang="en">
 <head>
  <title>
</title>
<meta http-equiv="Content-Type" content="text/html;charset=utf-8" />
  <meta name='ocr-system' content='tesseract 3.04.00' />
  <meta name='ocr-capabilities' content='ocr_page ocr_carea ocr_par ocr_line ocrx_word'/>
</head>
<body>
  <div class='ocr_page' id='page_1' title='image "./destellarumappe01gundgoog_0055.png"; bbox 0 0 3576 5085; ppageno 0'>
   <div class='ocr_carea' id='block_1_1' title="bbox 507 411 2875 497">
    <p class='ocr_par' dir='ltr' id='par_1_1' title="bbox 507 411 2875 497">
     <span class='ocr_line' id='line_1_1' title="bbox 507 411 2875 497; baseline 0.002 -32"><span class='ocrx_word' id='word_1_1' title='bbox 507 411 617 497; x_wconf 82' lang='lat'>47]</span> <span class='ocrx_word' id='word_1_2' title='bbox 955 413 1037 466; x_wconf 91' lang='lat' dir='ltr'>De</span> <span class='ocrx_word' id='word_1_3' title='bbox 1073 413 1354 467; x_wconf 87' lang='lat' dir='ltr'>stellarum</span> <span class='ocrx_word' id='word_1_4' title='bbox 1391 412 1757 480; x_wconf 81' lang='lat' dir='ltr'>appellatione</span> <span class='ocrx_word' id='word_1_5' title='bbox 1794 417 1853 467; x_wconf 90' lang='lat' dir='ltr'>et</span> <span class='ocrx_word' id='word_1_6' title='bbox 1885 413 2152 482; x_wconf 82' lang='lat' dir='ltr'>religione</span> <span class='ocrx_word' id='word_1_7' title='bbox 2188 415 2433 469; x_wconf 87' lang='lat' dir='ltr'>Romana</span> <span class='ocrx_word' id='word_1_8' title='bbox 2752 417 2875 481; x_wconf 84' lang='lat'>139</span> 
     </span>
    </p>
   </div>
   <div class='ocr_carea' id='block_1_2' title="bbox 497 600 2875 3457">
    <p class='ocr_par' dir='ltr' id='par_1_2' title="bbox 499 600 2875 2308">
     <span class='ocr_line' id='line_1_2' title="bbox 509 600 2875 685; baseline 0.002 -20"><span class='ocrx_word' id='word_1_9' title='bbox 509 600 782 666; x_wconf 88' lang='lat' dir='ltr'>Manilio</span> <span class='ocrx_word' id='word_1_10' title='bbox 843 600 1198 666; x_wconf 79' lang='lat' dir='ltr'>statuimus</span> <span class='ocrx_word' id='word_1_11' title='bbox 1259 601 1582 666; x_wconf 89' lang='lat' dir='ltr'>Romanos</span> <span class='ocrx_word' id='word_1_12' title='bbox 1643 601 1903 666; x_wconf 91' lang='lat' dir='ltr'>illorum</span> <span class='ocrx_word' id='word_1_13' title='bbox 1962 602 2388 685; x_wconf 81' lang='lat' dir='ltr'>astrologiam</span> <span class='ocrx_word' id='word_1_14' title='bbox 2449 608 2707 668; x_wconf 91' lang='lat' dir='ltr'>secutos</span> <span class='ocrx_word' id='word_1_15' title='bbox 2767 622 2875 669; x_wconf 89' lang='lat' dir='ltr'>eos</span> 
     </span>
     <span class='ocr_line' id='line_1_3' title="bbox 508 703 2875 786; baseline 0 -17"><span class='ocrx_word' id='word_1_16' title='bbox 508 703 620 784; x_wconf 85' lang='lat' dir='ltr'>qui</span> <span class='ocrx_word' id='word_1_17' title='bbox 679 705 801 769; x_wconf 92' lang='lat' dir='ltr'>sub</span> <span class='ocrx_word' id='word_1_18' title='bbox 849 723 1010 769; x_wconf 88' lang='lat' dir='ltr'>cane</span> <span class='ocrx_word' id='word_1_19' title='bbox 1069 704 1217 769; x_wconf 86' lang='lat' dir='ltr'>nati</span> <span class='ocrx_word' id='word_1_20' title='bbox 1278 709 1469 770; x_wconf 89' lang='lat' dir='ltr'>erant</span> <span class='ocrx_word' id='word_1_21' title='bbox 1520 709 1765 769; x_wconf 85' lang='lat' dir='ltr'>natura</span> <span class='ocrx_word' id='word_1_22' title='bbox 1811 705 2074 770; x_wconf 83' lang='lat' dir='ltr'>fervida</span> <span class='ocrx_word' id='word_1_23' title='bbox 2128 710 2320 771; x_wconf 84' lang='lat' dir='ltr'>natos</span> <span class='ocrx_word' id='word_1_24' title='bbox 2381 710 2666 786; x_wconf 87' lang='lat' dir='ltr'>putasse.</span> <span class='ocrx_word' id='word_1_25' title='bbox 2768 707 2875 770; x_wconf 86' lang='lat' dir='ltr'>Ex</span> 
     </span>
     <span class='ocr_line' id='line_1_4' title="bbox 505 806 2872 891; baseline 0.001 -20"><span class='ocrx_word' id='word_1_26' title='bbox 505 808 732 871; x_wconf 91' lang='lat' dir='ltr'>eadem</span> <span class='ocrx_word' id='word_1_27' title='bbox 779 806 1130 888; x_wconf 80' lang='lat' dir='ltr'>disciplina</span> <span class='ocrx_word' id='word_1_28' title='bbox 1180 807 1407 872; x_wconf 79' lang='lat' dir='ltr'>Cicero</span> <span class='ocrx_word' id='word_1_29' title='bbox 1454 808 1821 888; x_wconf 86' lang='lat' dir='ltr'>exemplum</span> <span class='ocrx_word' id='word_1_30' title='bbox 1868 807 2164 891; x_wconf 85' lang='lat' dir='ltr'>sumpsit,</span> <span class='ocrx_word' id='word_1_31' title='bbox 2211 810 2380 887; x_wconf 87' lang='lat' dir='ltr'>quod</span> <span class='ocrx_word' id='word_1_32' title='bbox 2426 809 2505 873; x_wconf 91' lang='lat' dir='ltr'>de</span> <span class='ocrx_word' id='word_1_33' title='bbox 2550 808 2668 873; x_wconf 86' lang='lat' dir='ltr'>fat.</span> <span class='ocrx_word' id='word_1_34' title='bbox 2732 811 2787 873; x_wconf 85' lang='lat'>7.</span> <span class='ocrx_word' id='word_1_35' title='bbox 2833 811 2872 874; x_wconf 90' lang='lat'>8</span> 
     </span>
     <span class='ocr_line' id='line_1_5' title="bbox 503 907 2871 993; baseline 0 -20"><span class='ocrx_word' id='word_1_36' title='bbox 503 907 716 974; x_wconf 86' lang='lat' dir='ltr'>fusius</span> <span class='ocrx_word' id='word_1_37' title='bbox 761 912 1124 974; x_wconf 87' lang='lat' dir='ltr'>tractatur:</span> <span class='ocrx_word' id='word_1_38' title='bbox 1168 911 1227 973; x_wconf 80' lang='lat' dir='ltr'>si</span> <span class='ocrx_word' id='word_1_39' title='bbox 1270 911 1410 990; x_wconf 80' lang='lat' dir='ltr'>quis</span> <span class='ocrx_word' id='word_1_40' title='bbox 1455 911 1685 973; x_wconf 77' lang='lat' dir='ltr'>oriente</span> <span class='ocrx_word' id='word_1_41' title='bbox 1729 910 2016 973; x_wconf 81' lang='lat' dir='ltr'>canicula</span> <span class='ocrx_word' id='word_1_42' title='bbox 2059 915 2248 973; x_wconf 79' lang='lat' dir='ltr'>natus</span> <span class='ocrx_word' id='word_1_43' title='bbox 2277 916 2379 993; x_wconf 77' lang='lat' dir='ltr'>est,</span> <span class='ocrx_word' id='word_1_44' title='bbox 2424 913 2494 973; x_wconf 87' lang='lat' dir='ltr'>in</span> <span class='ocrx_word' id='word_1_45' title='bbox 2540 912 2705 974; x_wconf 87' lang='lat' dir='ltr'>mari</span> <span class='ocrx_word' id='word_1_46' title='bbox 2746 931 2871 974; x_wconf 85' lang='lat' dir='ltr'>non</span> 
     </span>
     <span class='ocr_line' id='line_1_6' title="bbox 505 1011 2874 1094; baseline 0.002 -20"><span class='ocrx_word' id='word_1_47' title='bbox 505 1013 821 1075; x_wconf 71' lang='lat' dir='ltr'>morietur.</span> <span class='ocrx_word' id='word_1_48' title='bbox 911 1012 980 1077; x_wconf 85' lang='lat' dir='ltr'>Si</span> <span class='ocrx_word' id='word_1_49' title='bbox 1026 1011 1283 1078; x_wconf 89' lang='lat' dir='ltr'>Plinius</span> <span class='ocrx_word' id='word_1_50' title='bbox 1328 1013 1478 1077; x_wconf 90' lang='lat' dir='ltr'>Nat.</span> <span class='ocrx_word' id='word_1_51' title='bbox 1520 1012 1670 1077; x_wconf 87' lang='lat' dir='ltr'>hist.</span> <span class='ocrx_word' id='word_1_52' title='bbox 1717 1014 1822 1077; x_wconf 89' lang='lat' dir='ltr'>XI</span> <span class='ocrx_word' id='word_1_53' title='bbox 1852 1015 1934 1078; x_wconf 83' lang='lat'>37</span> <span class='ocrx_word' id='word_1_54' title='bbox 1982 1014 2298 1094; x_wconf 88' lang='lat' dir='ltr'>optimum</span> <span class='ocrx_word' id='word_1_55' title='bbox 2345 1032 2489 1079; x_wconf 89' lang='lat' dir='ltr'>esse</span> <span class='ocrx_word' id='word_1_56' title='bbox 2537 1015 2663 1079; x_wconf 90' lang='lat' dir='ltr'>mel</span> <span class='ocrx_word' id='word_1_57' title='bbox 2708 1014 2874 1079; x_wconf 90' lang='lat' dir='ltr'>dicit</span> 
     </span>
     <span class='ocr_line' id='line_1_7' title="bbox 500 1115 2875 1196; baseline 0.001 -19"><span class='ocrx_word' id='word_1_58' title='bbox 500 1115 559 1177; x_wconf 81' lang='lat' dir='ltr'>si</span> <span class='ocrx_word' id='word_1_59' title='bbox 598 1119 872 1178; x_wconf 74' lang='lat' dir='ltr'>servetur</span> <span class='ocrx_word' id='word_1_60' title='bbox 912 1116 1069 1178; x_wconf 81' lang='lat' dir='ltr'>sirio</span> <span class='ocrx_word' id='word_1_61' title='bbox 1112 1116 1414 1178; x_wconf 71' lang='lat' dir='ltr'>exoriente</span> <span class='ocrx_word' id='word_1_62' title='bbox 1471 1134 1736 1194; x_wconf 77' lang='lat' dir='ltr'>casuque</span> <span class='ocrx_word' id='word_1_63' title='bbox 1796 1122 2095 1196; x_wconf 70' lang='lat' dir='ltr'>conyruat</span> <span class='ocrx_word' id='word_1_64' title='bbox 2154 1117 2225 1179; x_wconf 82' lang='lat' dir='ltr'>in</span> <span class='ocrx_word' id='word_1_65' title='bbox 2268 1115 2526 1179; x_wconf 85' lang='lat' dir='ltr'>eundem</span> <span class='ocrx_word' id='word_1_66' title='bbox 2568 1117 2749 1193; x_wconf 84' lang='lat' dir='ltr'>diem,</span> <span class='ocrx_word' id='word_1_67' title='bbox 2803 1120 2875 1179; x_wconf 78' lang='lat' dir='ltr'>ut</span> 
     </span>
     <span class='ocr_line' id='line_1_8' title="bbox 499 1217 2873 1300; baseline 0.002 -20"><span class='ocrx_word' id='word_1_68' title='bbox 499 1237 695 1300; x_wconf 83' lang='lat' dir='ltr'>saepe,</span> <span class='ocrx_word' id='word_1_69' title='bbox 753 1217 1005 1281; x_wconf 82' lang='lat' dir='ltr'>Veneris</span> <span class='ocrx_word' id='word_1_70' title='bbox 1047 1222 1160 1280; x_wconf 76' lang='lat' dir='ltr'>aut</span> <span class='ocrx_word' id='word_1_71' title='bbox 1197 1217 1363 1281; x_wconf 80' lang='lat' dir='ltr'>Iovis</span> <span class='ocrx_word' id='word_1_72' title='bbox 1402 1218 1761 1281; x_wconf 64' lang='lat' dir='ltr'>Illercurive</span> <span class='ocrx_word' id='word_1_73' title='bbox 1802 1223 2072 1295; x_wconf 71' lang='lat' dir='ltr'>exortus,</span> <span class='ocrx_word' id='word_1_74' title='bbox 2121 1219 2241 1284; x_wconf 89' lang='lat' dir='ltr'>hoc</span> <span class='ocrx_word' id='word_1_75' title='bbox 2286 1219 2527 1284; x_wconf 87' lang='lat' dir='ltr'>iterum</span> <span class='ocrx_word' id='word_1_76' title='bbox 2575 1239 2610 1284; x_wconf 89' lang='lat' dir='ltr'>e</span> <span class='ocrx_word' id='word_1_77' title='bbox 2656 1220 2873 1300; x_wconf 82' lang='lat' dir='ltr'>Baby-</span> 
     </span>
     <span class='ocr_line' id='line_1_9' title="bbox 500 1319 2870 1402; baseline 0 -17"><span class='ocrx_word' id='word_1_78' title='bbox 500 1320 821 1386; x_wconf 89' lang='lat' dir='ltr'>loniorum</span> <span class='ocrx_word' id='word_1_79' title='bbox 866 1319 1197 1400; x_wconf 83' lang='lat' dir='ltr'>sapientia</span> <span class='ocrx_word' id='word_1_80' title='bbox 1238 1321 1465 1386; x_wconf 84' lang='lat' dir='ltr'>traxit.</span> <span class='ocrx_word' id='word_1_81' title='bbox 1556 1321 1692 1386; x_wconf 92' lang='lat' dir='ltr'>Nec</span> <span class='ocrx_word' id='word_1_82' title='bbox 1723 1339 1852 1386; x_wconf 91' lang='lat' dir='ltr'>non</span> <span class='ocrx_word' id='word_1_83' title='bbox 1888 1324 2062 1402; x_wconf 89' lang='lat' dir='ltr'>apud</span> <span class='ocrx_word' id='word_1_84' title='bbox 2107 1321 2464 1387; x_wconf 88' lang='lat' dir='ltr'>Firmicum</span> <span class='ocrx_word' id='word_1_85' title='bbox 2499 1323 2870 1387; x_wconf 83' lang='lat' dir='ltr'>Maternum</span> 
     </span>
     <span class='ocr_line' id='line_1_10' title="bbox 504 1423 2870 1506; baseline 0.001 -18"><span class='ocrx_word' id='word_1_86' title='bbox 504 1423 645 1488; x_wconf 89' lang='grc'>61115</span> <span class='ocrx_word' id='word_1_87' title='bbox 701 1423 990 1505; x_wconf 83' lang='lat' dir='ltr'>vestigia</span> <span class='ocrx_word' id='word_1_88' title='bbox 1035 1429 1314 1506; x_wconf 85' lang='lat' dir='ltr'>restant,</span> <span class='ocrx_word' id='word_1_89' title='bbox 1369 1424 1481 1504; x_wconf 86' lang='lat' dir='ltr'>qui</span> <span class='ocrx_word' id='word_1_90' title='bbox 1541 1424 1706 1490; x_wconf 89' lang='lat' dir='ltr'>haec</span> <span class='ocrx_word' id='word_1_91' title='bbox 1769 1427 1849 1489; x_wconf 89' lang='lat' dir='ltr'>de</span> <span class='ocrx_word' id='word_1_92' title='bbox 1895 1424 2064 1490; x_wconf 86' lang='lat' dir='ltr'>Sirio</span> <span class='ocrx_word' id='word_1_93' title='bbox 2111 1425 2281 1489; x_wconf 88' lang='lat' dir='ltr'>VIII</span> <span class='ocrx_word' id='word_1_94' title='bbox 2326 1444 2462 1506; x_wconf 89' lang='lat' dir='ltr'>cap.</span> <span class='ocrx_word' id='word_1_95' title='bbox 2510 1426 2578 1489; x_wconf 93' lang='lat' dir='ltr'>X</span> <span class='ocrx_word' id='word_1_96' title='bbox 2633 1424 2870 1490; x_wconf 87' lang='lat' dir='ltr'>refert:</span> 
     </span>
     <span class='ocr_line' id='line_1_11' title="bbox 506 1526 2874 1609; baseline 0.001 -20"><span class='ocrx_word' id='word_1_97' title='bbox 506 1527 875 1606; x_wconf 75' lang='lat' dir='ltr'>quicumque</span> <span class='ocrx_word' id='word_1_98' title='bbox 916 1526 1023 1590; x_wconf 82' lang='lat' dir='ltr'>hoc</span> <span class='ocrx_word' id='word_1_99' title='bbox 1082 1529 1314 1590; x_wconf 80' lang='lat' dir='ltr'>oriente</span> <span class='ocrx_word' id='word_1_100' title='bbox 1362 1527 1564 1590; x_wconf 79' lang='lat' dir='ltr'>sidere</span> <span class='ocrx_word' id='word_1_101' title='bbox 1606 1529 1745 1590; x_wconf 76' lang='lat' dir='ltr'>nati</span> <span class='ocrx_word' id='word_1_102' title='bbox 1799 1528 2045 1609; x_wconf 74' lang='lat' dir='ltr'>fuerint</span> <span class='ocrx_word' id='word_1_103' title='bbox 2100 1529 2428 1608; x_wconf 77' lang='lat' dir='ltr'>effrenatos</span> <span class='ocrx_word' id='word_1_104' title='bbox 2485 1529 2726 1591; x_wconf 80' lang='lat' dir='ltr'>animos</span> <span class='ocrx_word' id='word_1_105' title='bbox 2789 1526 2874 1591; x_wconf 87' lang='lat' dir='ltr'>ad</span> 
     </span>
     <span class='ocr_line' id='line_1_12' title="bbox 506 1629 2873 1711; baseline 0 -19"><span class='ocrx_word' id='word_1_106' title='bbox 506 1647 680 1692; x_wconf 88' lang='lat' dir='ltr'>omne</span> <span class='ocrx_word' id='word_1_107' title='bbox 721 1629 999 1693; x_wconf 76' lang='lat' dir='ltr'>studium</span> <span class='ocrx_word' id='word_1_108' title='bbox 1029 1632 1415 1711; x_wconf 75' lang='lat' dir='ltr'>praeposteri</span> <span class='ocrx_word' id='word_1_109' title='bbox 1452 1630 1763 1710; x_wconf 79' lang='lat' dir='ltr'>facinoris</span> <span class='ocrx_word' id='word_1_110' title='bbox 1794 1630 2213 1711; x_wconf 68' lang='lat' dir='ltr'>applicabunt.</span> <span class='ocrx_word' id='word_1_111' title='bbox 2305 1630 2525 1694; x_wconf 78' lang='lat' dir='ltr'>Erunt</span> <span class='ocrx_word' id='word_1_112' title='bbox 2567 1633 2753 1694; x_wconf 76' lang='lat' dir='ltr'>etiam</span> <span class='ocrx_word' id='word_1_113' title='bbox 2796 1630 2873 1693; x_wconf 84' lang='lat' dir='ltr'>ab</span> 
     </span>
     <span class='ocr_line' id='line_1_13' title="bbox 500 1731 2875 1814; baseline 0.001 -20"><span class='ocrx_word' id='word_1_114' title='bbox 500 1733 671 1795; x_wconf 87' lang='lat' dir='ltr'>omni</span> <span class='ocrx_word' id='word_1_115' title='bbox 713 1731 1125 1796; x_wconf 75' lang='lat' dir='ltr'>humanitatis</span> <span class='ocrx_word' id='word_1_116' title='bbox 1163 1735 1377 1814; x_wconf 65' lang='lat' dir='ltr'>qratia</span> <span class='ocrx_word' id='word_1_117' title='bbox 1418 1735 1710 1814; x_wconf 81' lang='lat' dir='ltr'>separati,</span> <span class='ocrx_word' id='word_1_118' title='bbox 1772 1738 1829 1795; x_wconf 75' lang='lat' dir='ltr'>et</span> <span class='ocrx_word' id='word_1_119' title='bbox 1873 1734 1983 1812; x_wconf 77' lang='lat' dir='ltr'>qui</span> <span class='ocrx_word' id='word_1_120' title='bbox 2029 1733 2283 1796; x_wconf 76' lang='lat' dir='ltr'>libenter</span> <span class='ocrx_word' id='word_1_121' title='bbox 2314 1735 2523 1796; x_wconf 84' lang='lat' dir='ltr'>omnia</span> <span class='ocrx_word' id='word_1_122' title='bbox 2556 1735 2875 1797; x_wconf 77' lang='lat' dir='ltr'>violentiae</span> 
     </span>
     <span class='ocr_line' id='line_1_14' title="bbox 502 1834 2875 1916; baseline 0.001 -19"><span class='ocrx_word' id='word_1_123' title='bbox 502 1835 714 1898; x_wconf 79' lang='lat' dir='ltr'>studia</span> <span class='ocrx_word' id='word_1_124' title='bbox 746 1841 1071 1913; x_wconf 72' lang='lat' dir='ltr'>sectentur,</span> <span class='ocrx_word' id='word_1_125' title='bbox 1103 1837 1356 1916; x_wconf 81' lang='lat' dir='ltr'>furiosi,</span> <span class='ocrx_word' id='word_1_126' title='bbox 1388 1835 1703 1908; x_wconf 74' lang='lat' dir='ltr'>iracundi,</span> <span class='ocrx_word' id='word_1_127' title='bbox 1737 1834 2059 1911; x_wconf 49' lang='lat' dir='ltr'>terribile&amp;</span> <span class='ocrx_word' id='word_1_128' title='bbox 2093 1836 2360 1897; x_wconf 79' lang='lat' dir='ltr'>minaces</span> <span class='ocrx_word' id='word_1_129' title='bbox 2390 1840 2446 1897; x_wconf 75' lang='lat' dir='ltr'>et</span> <span class='ocrx_word' id='word_1_130' title='bbox 2490 1855 2640 1915; x_wconf 76' lang='lat' dir='ltr'>quos</span> <span class='ocrx_word' id='word_1_131' title='bbox 2670 1856 2875 1899; x_wconf 80' lang='lat' dir='ltr'>omnes</span> 
     </span>
     <span class='ocr_line' id='line_1_15' title="bbox 502 1936 2873 2018; baseline 0.001 -20"><span class='ocrx_word' id='word_1_132' title='bbox 502 1936 775 2000; x_wconf 77' lang='lat' dir='ltr'>homines</span> <span class='ocrx_word' id='word_1_133' title='bbox 815 1942 871 1999; x_wconf 77' lang='lat' dir='ltr'>et</span> <span class='ocrx_word' id='word_1_134' title='bbox 916 1937 1156 2000; x_wconf 77' lang='lat' dir='ltr'>oderint</span> <span class='ocrx_word' id='word_1_135' title='bbox 1191 1940 1437 2018; x_wconf 79' lang='lat' dir='ltr'>pariter</span> <span class='ocrx_word' id='word_1_136' title='bbox 1493 1942 1550 2000; x_wconf 76' lang='lat' dir='ltr'>et</span> <span class='ocrx_word' id='word_1_137' title='bbox 1591 1940 1868 1999; x_wconf 71' lang='lat' dir='ltr'>metuant</span> <span class='ocrx_word' id='word_1_138' title='bbox 1913 1989 1926 2001; x_wconf 91' lang='lat'>.</span> <span class='ocrx_word' id='word_1_139' title='bbox 1973 1984 1987 1998; x_wconf 90' lang='lat'>.</span> <span class='ocrx_word' id='word_1_140' title='bbox 2036 1988 2050 2001; x_wconf 92' lang='lat'>.</span> <span class='ocrx_word' id='word_1_141' title='bbox 2112 1938 2173 2000; x_wconf 81' lang='lat' dir='ltr'>si</span> <span class='ocrx_word' id='word_1_142' title='bbox 2214 1957 2351 2000; x_wconf 86' lang='lat' dir='ltr'>vero</span> <span class='ocrx_word' id='word_1_143' title='bbox 2408 1937 2517 2000; x_wconf 78' lang='lat' dir='ltr'>hoc</span> <span class='ocrx_word' id='word_1_144' title='bbox 2568 1937 2747 2000; x_wconf 77' lang='lat' dir='ltr'>sidus</span> <span class='ocrx_word' id='word_1_145' title='bbox 2802 1939 2873 2001; x_wconf 88' lang='lat' dir='ltr'>in</span> 
     </span>
     <span class='ocr_line' id='line_1_16' title="bbox 506 2039 2875 2121; baseline 0.002 -21"><span class='ocrx_word' id='word_1_146' title='bbox 506 2057 723 2102; x_wconf 79' lang='lat' dir='ltr'>occasu</span> <span class='ocrx_word' id='word_1_147' title='bbox 764 2040 962 2119; x_wconf 75' lang='lat' dir='ltr'>fuerit</span> <span class='ocrx_word' id='word_1_148' title='bbox 1005 2041 1317 2103; x_wconf 76' lang='lat' dir='ltr'>inventum</span> <span class='ocrx_word' id='word_1_149' title='bbox 1363 2044 1418 2102; x_wconf 83' lang='lat' dir='ltr'>et</span> <span class='ocrx_word' id='word_1_150' title='bbox 1464 2050 1512 2114; x_wconf 58' lang='grc' dir='ltr'><em>ὅ</em></span> <span class='ocrx_word' id='word_1_151' title='bbox 1555 2044 1666 2102; x_wconf 74' lang='lat' dir='ltr'>aut</span> <span class='ocrx_word' id='word_1_152' title='bbox 1716 2040 1787 2101; x_wconf 89' lang='lat' dir='ltr'>in</span> <span class='ocrx_word' id='word_1_153' title='bbox 1832 2039 1964 2119; x_wconf 83' lang='lat' dir='ltr'>ipso</span> <span class='ocrx_word' id='word_1_154' title='bbox 2009 2040 2133 2102; x_wconf 80' lang='lat' dir='ltr'>loco</span> <span class='ocrx_word' id='word_1_155' title='bbox 2171 2039 2390 2119; x_wconf 72' lang='lat' dir='ltr'>fuerit,</span> <span class='ocrx_word' id='word_1_156' title='bbox 2439 2092 2452 2105; x_wconf 98' lang='lat'>.</span> <span class='ocrx_word' id='word_1_157' title='bbox 2501 2088 2514 2102; x_wconf 93' lang='lat'>.</span> <span class='ocrx_word' id='word_1_158' title='bbox 2564 2092 2576 2104; x_wconf 95' lang='lat'>.</span> <span class='ocrx_word' id='word_1_159' title='bbox 2622 2061 2663 2102; x_wconf 89' lang='lat' dir='ltr'>a</span> <span class='ocrx_word' id='word_1_160' title='bbox 2708 2042 2875 2121; x_wconf 79' lang='lat' dir='ltr'>lupis</span> 
     </span>
     <span class='ocr_line' id='line_1_17' title="bbox 503 2140 2873 2222; baseline 0.001 -19"><span class='ocrx_word' id='word_1_161' title='bbox 503 2140 894 2204; x_wconf 81' lang='lat' dir='ltr'>comedentur</span> <span class='ocrx_word' id='word_1_162' title='bbox 923 2146 1035 2205; x_wconf 64' lang='lat' dir='ltr'>aiot</span> <span class='ocrx_word' id='word_1_163' title='bbox 1078 2163 1117 2204; x_wconf 92' lang='lat' dir='ltr'>a</span> <span class='ocrx_word' id='word_1_164' title='bbox 1155 2143 1499 2205; x_wconf 80' lang='lat' dir='ltr'>canibus</span> <span class='ocrx_word' id='word_1_165' title='bbox 1539 2143 1633 2206; x_wconf 82' lang='lat' dir='ltr'>vel</span> <span class='ocrx_word' id='word_1_166' title='bbox 1671 2142 1832 2221; x_wconf 81' lang='lat' dir='ltr'>feris</span> <span class='ocrx_word' id='word_1_167' title='bbox 1861 2141 2149 2222; x_wconf 76' lang='lat' dir='ltr'>dissipati</span> <span class='ocrx_word' id='word_1_168' title='bbox 2188 2143 2379 2205; x_wconf 75' lang='lat' dir='ltr'>vitam</span> <span class='ocrx_word' id='word_1_169' title='bbox 2423 2162 2604 2205; x_wconf 79' lang='lat' dir='ltr'>suam</span> <span class='ocrx_word' id='word_1_170' title='bbox 2649 2144 2873 2206; x_wconf 76' lang='lat' dir='ltr'>mis-era</span> 
     </span>
     <span class='ocr_line' id='line_1_18' title="bbox 502 2244 1286 2308; baseline -0.001 -1"><span class='ocrx_word' id='word_1_171' title='bbox 502 2244 872 2308; x_wconf 74' lang='lat' dir='ltr'>laceratione</span> <span class='ocrx_word' id='word_1_172' title='bbox 913 2248 1286 2307; x_wconf 72' lang='lat' dir='ltr'>consument.</span> 
     </span>
    </p>

    <p class='ocr_par' dir='ltr' id='par_1_3' title="bbox 497 2345 2871 3457">
     <span class='ocr_line' id='line_1_19' title="bbox 671 2345 2870 2429; baseline 0 -18"><span class='ocrx_word' id='word_1_173' title='bbox 671 2345 985 2412; x_wconf 85' lang='lat' dir='ltr'>Videmus</span> <span class='ocrx_word' id='word_1_174' title='bbox 1045 2345 1254 2427; x_wconf 82' lang='lat' dir='ltr'>igitur</span> <span class='ocrx_word' id='word_1_175' title='bbox 1321 2346 1572 2427; x_wconf 88' lang='lat' dir='ltr'>priscos</span> <span class='ocrx_word' id='word_1_176' title='bbox 1620 2347 1947 2411; x_wconf 89' lang='lat' dir='ltr'>Romanos</span> <span class='ocrx_word' id='word_1_177' title='bbox 2026 2346 2352 2412; x_wconf 85' lang='lat' dir='ltr'>aestivam</span> <span class='ocrx_word' id='word_1_178' title='bbox 2414 2347 2678 2412; x_wconf 87' lang='lat' dir='ltr'>stellam</span> <span class='ocrx_word' id='word_1_179' title='bbox 2751 2367 2870 2429; x_wconf 92' lang='lat' dir='ltr'>pro</span> 
     </span>
     <span class='ocr_line' id='line_1_20' title="bbox 498 2448 2869 2532; baseline 0.001 -18"><span class='ocrx_word' id='word_1_180' title='bbox 498 2450 813 2515; x_wconf 89' lang='lat' dir='ltr'>daemone</span> <span class='ocrx_word' id='word_1_181' title='bbox 859 2449 1077 2529; x_wconf 88' lang='lat' dir='ltr'>specie</span> <span class='ocrx_word' id='word_1_182' title='bbox 1123 2448 1463 2514; x_wconf 77' lang='lat' dir='ltr'>caniculae</span> <span class='ocrx_word' id='word_1_183' title='bbox 1517 2449 1709 2514; x_wconf 90' lang='lat' dir='ltr'>rufae</span> <span class='ocrx_word' id='word_1_184' title='bbox 1753 2448 2000 2515; x_wconf 86' lang='lat' dir='ltr'>vestito</span> <span class='ocrx_word' id='word_1_185' title='bbox 2045 2449 2370 2532; x_wconf 85' lang='lat' dir='ltr'>habuisse,</span> <span class='ocrx_word' id='word_1_186' title='bbox 2431 2469 2620 2529; x_wconf 88' lang='lat' dir='ltr'>quem</span> <span class='ocrx_word' id='word_1_187' title='bbox 2667 2451 2869 2516; x_wconf 88' lang='lat' dir='ltr'>sacri-</span> 
     </span>
     <span class='ocr_line' id='line_1_21' title="bbox 497 2552 2869 2634; baseline 0.001 -17"><span class='ocrx_word' id='word_1_188' title='bbox 497 2552 664 2618; x_wconf 88' lang='lat' dir='ltr'>ficiis</span> <span class='ocrx_word' id='word_1_189' title='bbox 707 2552 961 2618; x_wconf 85' lang='lat' dir='ltr'>idoneis</span> <span class='ocrx_word' id='word_1_190' title='bbox 1007 2553 1270 2633; x_wconf 88' lang='lat' dir='ltr'>placere</span> <span class='ocrx_word' id='word_1_191' title='bbox 1316 2554 1698 2634; x_wconf 87' lang='lat' dir='ltr'>studebant,</span> <span class='ocrx_word' id='word_1_192' title='bbox 1743 2558 2043 2633; x_wconf 88' lang='lat' dir='ltr'>posteros</span> <span class='ocrx_word' id='word_1_193' title='bbox 2097 2558 2315 2617; x_wconf 86' lang='lat' dir='ltr'>autem</span> <span class='ocrx_word' id='word_1_194' title='bbox 2361 2559 2605 2618; x_wconf 88' lang='lat' dir='ltr'>natura</span> <span class='ocrx_word' id='word_1_195' title='bbox 2649 2573 2869 2619; x_wconf 90' lang='lat' dir='ltr'>rerum</span> 
     </span>
     <span class='ocr_line' id='line_1_22' title="bbox 498 2655 2868 2737; baseline 0.001 -18"><span class='ocrx_word' id='word_1_196' title='bbox 498 2655 732 2721; x_wconf 87' lang='lat' dir='ltr'>melius</span> <span class='ocrx_word' id='word_1_197' title='bbox 778 2656 1042 2737; x_wconf 83' lang='lat' dir='ltr'>cognita</span> <span class='ocrx_word' id='word_1_198' title='bbox 1087 2661 1309 2720; x_wconf 90' lang='lat' dir='ltr'>tamen</span> <span class='ocrx_word' id='word_1_199' title='bbox 1357 2661 1652 2720; x_wconf 82' lang='lat' dir='ltr'>exortum</span> <span class='ocrx_word' id='word_1_200' title='bbox 1710 2655 1853 2721; x_wconf 92' lang='lat' dir='ltr'>eius</span> <span class='ocrx_word' id='word_1_201' title='bbox 1913 2660 1989 2720; x_wconf 92' lang='lat' dir='ltr'>ut</span> <span class='ocrx_word' id='word_1_202' title='bbox 2049 2656 2419 2721; x_wconf 89' lang='lat' dir='ltr'>hominibus</span> <span class='ocrx_word' id='word_1_203' title='bbox 2480 2656 2868 2736; x_wconf 86' lang='lat' dir='ltr'>pestiferum</span> 
     </span>
     <span class='ocr_line' id='line_1_23' title="bbox 500 2757 2871 2840; baseline 0.001 -19"><span class='ocrx_word' id='word_1_204' title='bbox 500 2757 814 2823; x_wconf 87' lang='lat' dir='ltr'>timuisse.</span> <span class='ocrx_word' id='word_1_205' title='bbox 905 2758 1048 2840; x_wconf 83' lang='lat' dir='ltr'>Quo</span> <span class='ocrx_word' id='word_1_206' title='bbox 1093 2759 1202 2840; x_wconf 90' lang='lat' dir='ltr'>fit,</span> <span class='ocrx_word' id='word_1_207' title='bbox 1264 2764 1337 2822; x_wconf 89' lang='lat' dir='ltr'>ut</span> <span class='ocrx_word' id='word_1_208' title='bbox 1396 2760 1778 2839; x_wconf 83' lang='lat' dir='ltr'>plerumque</span> <span class='ocrx_word' id='word_1_209' title='bbox 1839 2761 2018 2839; x_wconf 88' lang='lat' dir='ltr'>apud</span> <span class='ocrx_word' id='word_1_210' title='bbox 2062 2760 2389 2824; x_wconf 86' lang='lat' dir='ltr'>Romanos</span> <span class='ocrx_word' id='word_1_211' title='bbox 2450 2760 2709 2824; x_wconf 88' lang='lat' dir='ltr'>stellam</span> <span class='ocrx_word' id='word_1_212' title='bbox 2774 2759 2871 2825; x_wconf 91' lang='lat' dir='ltr'>ibi</span> 
     </span>
     <span class='ocr_line' id='line_1_24' title="bbox 501 2859 2869 2942; baseline 0.002 -19"><span class='ocrx_word' id='word_1_213' title='bbox 501 2865 1066 2925; x_wconf 88' lang='lat' dir='ltr'>commemoratam</span> <span class='ocrx_word' id='word_1_214' title='bbox 1112 2859 1540 2942; x_wconf 89' lang='lat' dir='ltr'>inveniamus,</span> <span class='ocrx_word' id='word_1_215' title='bbox 1587 2861 1702 2926; x_wconf 90' lang='lat' dir='ltr'>ubi</span> <span class='ocrx_word' id='word_1_216' title='bbox 1748 2861 2004 2941; x_wconf 89' lang='lat' dir='ltr'>poetice</span> <span class='ocrx_word' id='word_1_217' title='bbox 2064 2861 2527 2926; x_wconf 89' lang='lat' dir='ltr'>describantur</span> <span class='ocrx_word' id='word_1_218' title='bbox 2592 2863 2869 2927; x_wconf 88' lang='lat' dir='ltr'>aestatis</span> 
     </span>
     <span class='ocr_line' id='line_1_25' title="bbox 503 2961 2871 3042; baseline 0.002 -18"><span class='ocrx_word' id='word_1_219' title='bbox 503 2961 920 3027; x_wconf 90' lang='lat' dir='ltr'>incommoda.</span> <span class='ocrx_word' id='word_1_220' title='bbox 1009 2961 1203 3028; x_wconf 91' lang='lat' dir='ltr'>Locis</span> <span class='ocrx_word' id='word_1_221' title='bbox 1262 2962 1603 3042; x_wconf 90' lang='lat' dir='ltr'>permultis</span> <span class='ocrx_word' id='word_1_222' title='bbox 1656 2962 1787 3027; x_wconf 91' lang='lat' dir='ltr'>iam</span> <span class='ocrx_word' id='word_1_223' title='bbox 1834 2981 2034 3042; x_wconf 90' lang='lat' dir='ltr'>supra</span> <span class='ocrx_word' id='word_1_224' title='bbox 2094 2963 2317 3028; x_wconf 86' lang='lat' dir='ltr'>allatis</span> <span class='ocrx_word' id='word_1_225' title='bbox 2379 2965 2622 3029; x_wconf 87' lang='lat' dir='ltr'>addere</span> <span class='ocrx_word' id='word_1_226' title='bbox 2680 2964 2871 3031; x_wconf 89' lang='lat' dir='ltr'>iuvat</span> 
     </span>
     <span class='ocr_line' id='line_1_26' title="bbox 503 3063 2867 3148; baseline 0.001 -19"><span class='ocrx_word' id='word_1_227' title='bbox 503 3082 565 3129; x_wconf 78' lang='lat' dir='ltr'>v,</span> <span class='ocrx_word' id='word_1_228' title='bbox 597 3082 649 3129; x_wconf 91' lang='grc'>6.</span> <span class='ocrx_word' id='word_1_229' title='bbox 693 3063 896 3129; x_wconf 85' lang='lat' dir='ltr'>Statii</span> <span class='ocrx_word' id='word_1_230' title='bbox 927 3063 1085 3130; x_wconf 80' lang='lat' dir='ltr'>Silv.</span> <span class='ocrx_word' id='word_1_231' title='bbox 1117 3064 1151 3127; x_wconf 94' lang='lat' dir='ltr'>I</span> <span class='ocrx_word' id='word_1_232' title='bbox 1182 3066 1239 3146; x_wconf 86' lang='lat'>3,</span> <span class='ocrx_word' id='word_1_233' title='bbox 1285 3065 1356 3129; x_wconf 81' lang='lat'>5:</span> <span class='ocrx_word' id='word_1_234' title='bbox 1404 3064 1605 3127; x_wconf 78' lang='lat' dir='ltr'>calido</span> <span class='ocrx_word' id='word_1_235' title='bbox 1651 3065 1905 3129; x_wconf 74' lang='lat' dir='ltr'>latravit</span> <span class='ocrx_word' id='word_1_236' title='bbox 1934 3064 2147 3128; x_wconf 80' lang='lat' dir='ltr'>Sirius</span> <span class='ocrx_word' id='word_1_237' title='bbox 2174 3070 2358 3148; x_wconf 69' lang='grc' dir='ltr'>(1313νο,</span> <span class='ocrx_word' id='word_1_238' title='bbox 2404 3065 2489 3131; x_wconf 92' lang='lat' dir='ltr'>ib.</span> <span class='ocrx_word' id='word_1_239' title='bbox 2520 3066 2589 3131; x_wconf 91' lang='lat' dir='ltr'>II</span> <span class='ocrx_word' id='word_1_240' title='bbox 2623 3068 2678 3148; x_wconf 85' lang='lat'>1,</span> <span class='ocrx_word' id='word_1_241' title='bbox 2709 3068 2867 3132; x_wconf 82' lang='lat'>216:</span> 
     </span>
     <span class='ocr_line' id='line_1_27' title="bbox 500 3165 2871 3250; baseline 0.003 -21"><span class='ocrx_word' id='word_1_242' title='bbox 500 3165 832 3246; x_wconf 78' lang='lat' dir='ltr'>implacido</span> <span class='ocrx_word' id='word_1_243' title='bbox 849 3167 1052 3231; x_wconf 73' lang='lat' dir='ltr'>letalis·</span> <span class='ocrx_word' id='word_1_244' title='bbox 1066 3166 1277 3230; x_wconf 81' lang='lat' dir='ltr'>Sirius</span> <span class='ocrx_word' id='word_1_245' title='bbox 1292 3167 1502 3250; x_wconf 75' lang='lat' dir='ltr'>iyni1)</span> <span class='ocrx_word' id='word_1_246' title='bbox 1533 3167 1772 3232; x_wconf 87' lang='lat' dir='ltr'>Nautis</span> <span class='ocrx_word' id='word_1_247' title='bbox 1797 3186 1925 3233; x_wconf 88' lang='lat' dir='ltr'>non</span> <span class='ocrx_word' id='word_1_248' title='bbox 1950 3186 2206 3250; x_wconf 86' lang='lat' dir='ltr'>semper</span> <span class='ocrx_word' id='word_1_249' title='bbox 2229 3187 2349 3234; x_wconf 93' lang='lat' dir='ltr'>usu</span> <span class='ocrx_word' id='word_1_250' title='bbox 2371 3168 2578 3234; x_wconf 83' lang='lat' dir='ltr'>fuisse</span> <span class='ocrx_word' id='word_1_251' title='bbox 2603 3169 2871 3235; x_wconf 87' lang='lat' dir='ltr'>videtur</span> 
     </span>
     <span class='ocr_line' id='line_1_28' title="bbox 499 3269 2867 3354; baseline 0.002 -20"><span class='ocrx_word' id='word_1_252' title='bbox 499 3269 838 3335; x_wconf 87' lang='lat' dir='ltr'>caniculae</span> <span class='ocrx_word' id='word_1_253' title='bbox 883 3269 1288 3335; x_wconf 86' lang='lat' dir='ltr'>observatio:</span> <span class='ocrx_word' id='word_1_254' title='bbox 1334 3288 1531 3334; x_wconf 92' lang='lat' dir='ltr'>unum</span> <span class='ocrx_word' id='word_1_255' title='bbox 1575 3274 1836 3335; x_wconf 90' lang='lat' dir='ltr'>tantum</span> <span class='ocrx_word' id='word_1_256' title='bbox 1882 3272 2095 3336; x_wconf 90' lang='lat' dir='ltr'>locum</span> <span class='ocrx_word' id='word_1_257' title='bbox 2138 3272 2366 3354; x_wconf 91' lang='lat' dir='ltr'>habeo,</span> <span class='ocrx_word' id='word_1_258' title='bbox 2423 3291 2547 3352; x_wconf 91' lang='lat' dir='ltr'>quo</span> <span class='ocrx_word' id='word_1_259' title='bbox 2591 3274 2712 3338; x_wconf 91' lang='lat' dir='ltr'>hoc</span> <span class='ocrx_word' id='word_1_260' title='bbox 2759 3275 2867 3339; x_wconf 91' lang='lat' dir='ltr'>de-</span> 
     </span>
     <span class='ocr_line' id='line_1_29' title="bbox 498 3371 2104 3457; baseline 0.001 -21"><span class='ocrx_word' id='word_1_261' title='bbox 498 3375 920 3454; x_wconf 87' lang='lat' dir='ltr'>monstretur,</span> <span class='ocrx_word' id='word_1_262' title='bbox 965 3374 1224 3437; x_wconf 89' lang='lat' dir='ltr'>Aetnae</span> <span class='ocrx_word' id='word_1_263' title='bbox 1270 3371 1578 3437; x_wconf 89' lang='lat' dir='ltr'>carminis</span> <span class='ocrx_word' id='word_1_264' title='bbox 1630 3391 1692 3438; x_wconf 89' lang='lat' dir='ltr'>v.</span> <span class='ocrx_word' id='word_1_265' title='bbox 1732 3374 1860 3437; x_wconf 78' lang='lat'>246</span> <span class='ocrx_word' id='word_1_266' title='bbox 1877 3373 2104 3457; x_wconf 68' lang='lat' dir='ltr'>sqq.”2):</span> 
     </span>
    </p>
   </div>
   <div class='ocr_carea' id='block_1_3' title="bbox 809 3492 2458 3681">
    <p class='ocr_par' dir='ltr' id='par_1_4' title="bbox 809 3492 2458 3681">
     <span class='ocr_line' id='line_1_30' title="bbox 810 3492 2458 3575; baseline 0.001 -18"><span class='ocrx_word' id='word_1_267' title='bbox 810 3492 982 3558; x_wconf 87' lang='lat' dir='ltr'>scire</span> <span class='ocrx_word' id='word_1_268' title='bbox 1027 3493 1176 3558; x_wconf 89' lang='lat' dir='ltr'>vias</span> <span class='ocrx_word' id='word_1_269' title='bbox 1222 3492 1422 3558; x_wconf 91' lang='lat' dir='ltr'>maris</span> <span class='ocrx_word' id='word_1_270' title='bbox 1469 3497 1539 3558; x_wconf 90' lang='lat' dir='ltr'>et</span> <span class='ocrx_word' id='word_1_271' title='bbox 1585 3493 1753 3559; x_wconf 90' lang='lat' dir='ltr'>caeli</span> <span class='ocrx_word' id='word_1_272' title='bbox 1799 3494 2183 3575; x_wconf 88' lang='lat' dir='ltr'>praedicere</span> <span class='ocrx_word' id='word_1_273' title='bbox 2229 3513 2458 3561; x_wconf 90' lang='lat' dir='ltr'>cursus</span> 
     </span>
     <span class='ocr_line' id='line_1_31' title="bbox 809 3596 2433 3681; baseline 0.002 -22"><span class='ocrx_word' id='word_1_274' title='bbox 809 3614 934 3675; x_wconf 91' lang='lat' dir='ltr'>quo</span> <span class='ocrx_word' id='word_1_275' title='bbox 980 3600 1173 3662; x_wconf 87' lang='lat' dir='ltr'>vocet</span> <span class='ocrx_word' id='word_1_276' title='bbox 1218 3596 1434 3680; x_wconf 88' lang='lat' dir='ltr'>Orion,</span> <span class='ocrx_word' id='word_1_277' title='bbox 1482 3616 1606 3677; x_wconf 89' lang='lat' dir='ltr'>quo</span> <span class='ocrx_word' id='word_1_278' title='bbox 1654 3596 1865 3662; x_wconf 86' lang='lat' dir='ltr'>Sirius</span> <span class='ocrx_word' id='word_1_279' title='bbox 1915 3599 2197 3663; x_wconf 85' lang='lat' dir='ltr'>excubet</span> <span class='ocrx_word' id='word_1_280' title='bbox 2242 3597 2433 3681; x_wconf 76' lang='lat' dir='ltr'>ignis</span> 
     </span>
    </p>
   </div>
   <div class='ocr_carea' id='block_1_4' title="bbox 500 3732 2867 4021">
    <p class='ocr_par' dir='ltr' id='par_1_5' title="bbox 500 3732 2867 4021">
     <span class='ocr_line' id='line_1_32' title="bbox 668 3732 2867 3816; baseline 0.002 -20"><span class='ocrx_word' id='word_1_281' title='bbox 668 3732 947 3798; x_wconf 86' lang='lat' dir='ltr'>Praeter</span> <span class='ocrx_word' id='word_1_282' title='bbox 1003 3738 1232 3814; x_wconf 86' lang='lat' dir='ltr'>poetas</span> <span class='ocrx_word' id='word_1_283' title='bbox 1293 3739 1511 3799; x_wconf 87' lang='lat' dir='ltr'>autem</span> <span class='ocrx_word' id='word_1_284' title='bbox 1589 3735 1809 3816; x_wconf 84' lang='lat' dir='ltr'>ipsum.</span> <span class='ocrx_word' id='word_1_285' title='bbox 1879 3736 2185 3816; x_wconf 90' lang='lat' dir='ltr'>populum</span> <span class='ocrx_word' id='word_1_286' title='bbox 2260 3736 2580 3800; x_wconf 87' lang='lat' dir='ltr'>minutum</span> <span class='ocrx_word' id='word_1_287' title='bbox 2640 3735 2867 3800; x_wconf 91' lang='lat' dir='ltr'>varias</span> 
     </span>
     <span class='ocr_line' id='line_1_33' title="bbox 501 3834 2865 3921; baseline 0.003 -24"><span class='ocrx_word' id='word_1_288' title='bbox 501 3834 1003 3914; x_wconf 83' lang='lat' dir='ltr'>superstitiones</span> <span class='ocrx_word' id='word_1_289' title='bbox 1052 3837 1132 3901; x_wconf 91' lang='lat' dir='ltr'>de</span> <span class='ocrx_word' id='word_1_290' title='bbox 1178 3836 1374 3901; x_wconf 83' lang='lat' dir='ltr'>stella</span> <span class='ocrx_word' id='word_1_291' title='bbox 1415 3838 1654 3902; x_wconf 85' lang='lat' dir='ltr'>canina</span> <span class='ocrx_word' id='word_1_292' title='bbox 1698 3836 1943 3903; x_wconf 87' lang='lat' dir='ltr'>fovisse</span> <span class='ocrx_word' id='word_1_293' title='bbox 1981 3836 2439 3921; x_wconf 77' lang='lat' dir='ltr'>intelleximuS,</span> <span class='ocrx_word' id='word_1_294' title='bbox 2482 3857 2644 3919; x_wconf 90' lang='lat' dir='ltr'>quas</span> <span class='ocrx_word' id='word_1_295' title='bbox 2677 3838 2865 3904; x_wconf 87' lang='lat' dir='ltr'>Chal·</span> 
     </span>
     <span class='ocr_line' id='line_1_34' title="bbox 500 3928 2661 4021; baseline 0.003 -21"><span class='ocrx_word' id='word_1_296' title='bbox 500 3937 810 4001; x_wconf 87' lang='lat' dir='ltr'>daeorum</span> <span class='ocrx_word' id='word_1_297' title='bbox 855 3938 1214 4021; x_wconf 84' lang='lat' dir='ltr'>astrologia</span> <span class='ocrx_word' id='word_1_298' title='bbox 1260 3942 1491 4004; x_wconf 90' lang='lat' dir='ltr'>auctas</span> <span class='ocrx_word' id='word_1_299' title='bbox 1537 3942 1649 4005; x_wconf 91' lang='lat' dir='ltr'>diu</span> <span class='ocrx_word' id='word_1_300' title='bbox 1693 3939 2136 4021; x_wconf 89' lang='lat' dir='ltr'>permansisse</span> <span class='ocrx_word' id='word_1_301' title='bbox 2182 3946 2285 4007; x_wconf 90' lang='lat' dir='ltr'>est</span> <span class='ocrx_word' id='word_1_302' title='bbox 2329 3928 2661 4007; x_wconf 86' lang='lat' dir='ltr'>credibile.</span> 
     </span>
    </p>
   </div>
   <div class='ocr_carea' id='block_1_5' title="bbox 499 4059 908 4068">
    <p class='ocr_par' dir='ltr' id='par_1_6' title="bbox 499 4059 908 4068">
     <span class='ocr_line' id='line_1_35' title="bbox 499 4059 908 4068; baseline 0 1017"><span class='ocrx_word' id='word_1_303' title='bbox 499 4059 908 4068; x_wconf 95' lang='lat' dir='ltr'> </span> 
     </span>
    </p>
   </div>
   <div class='ocr_carea' id='block_1_6' title="bbox 671 4107 2863 4266">
    <p class='ocr_par' dir='ltr' id='par_1_7' title="bbox 671 4107 2863 4266">
     <span class='ocr_line' id='line_1_36' title="bbox 677 4107 2863 4180; baseline 0.001 -18"><span class='ocrx_word' id='word_1_304' title='bbox 677 4107 715 4177; x_wconf 89' lang='lat'>¹)</span> <span class='ocrx_word' id='word_1_305' title='bbox 752 4124 804 4162; x_wconf 83' lang='lat' dir='ltr'>v.</span> <span class='ocrx_word' id='word_1_306' title='bbox 842 4109 1007 4163; x_wconf 89' lang='lat' dir='ltr'>etiam</span> <span class='ocrx_word' id='word_1_307' title='bbox 1043 4109 1166 4164; x_wconf 88' lang='lat' dir='ltr'>Sen.</span> <span class='ocrx_word' id='word_1_308' title='bbox 1216 4111 1283 4163; x_wconf 89' lang='lat' dir='ltr'>de</span> <span class='ocrx_word' id='word_1_309' title='bbox 1319 4109 1536 4163; x_wconf 83' lang='lat' dir='ltr'>Corsica</span> <span class='ocrx_word' id='word_1_310' title='bbox 1583 4127 1634 4165; x_wconf 88' lang='lat' dir='ltr'>v.</span> <span class='ocrx_word' id='word_1_311' title='bbox 1672 4111 1706 4164; x_wconf 79' lang='lat'>6</span> <span class='ocrx_word' id='word_1_312' title='bbox 1754 4110 1926 4178; x_wconf 91' lang='lat' dir='ltr'><strong>(PLM</strong></span> <span class='ocrx_word' id='word_1_313' title='bbox 1962 4110 2046 4167; x_wconf 93' lang='lat' dir='ltr'>IV</span> <span class='ocrx_word' id='word_1_314' title='bbox 2093 4112 2210 4180; x_wconf 85' lang='lat'>56);</span> <span class='ocrx_word' id='word_1_315' title='bbox 2248 4112 2441 4169; x_wconf 84' lang='lat' dir='ltr'>Avien.</span> <span class='ocrx_word' id='word_1_316' title='bbox 2490 4114 2548 4168; x_wconf 89' lang='grc' dir='ltr'><strong>Π</strong></span> <span class='ocrx_word' id='word_1_317' title='bbox 2592 4111 2707 4164; x_wconf 80' lang='grc'>728.</span> <span class='ocrx_word' id='word_1_318' title='bbox 2746 4111 2863 4165; x_wconf 80' lang='grc'>750.</span> 
     </span>
     <span class='ocr_line' id='line_1_37' title="bbox 671 4193 2319 4266; baseline 0.002 -18"><span class='ocrx_word' id='word_1_319' title='bbox 671 4193 713 4263; x_wconf 79' lang='lat'>²)</span> <span class='ocrx_word' id='word_1_320' title='bbox 750 4211 800 4249; x_wconf 88' lang='lat' dir='ltr'>v.</span> <span class='ocrx_word' id='word_1_321' title='bbox 839 4194 1130 4249; x_wconf 86' lang='lat' dir='ltr'>Sudhansii</span> <span class='ocrx_word' id='word_1_322' title='bbox 1165 4195 1612 4249; x_wconf 87' lang='lat' dir='ltr'>commentarium</span> <span class='ocrx_word' id='word_1_323' title='bbox 1650 4195 1879 4266; x_wconf 87' lang='lat' dir='ltr'>(Teubn.</span> <span class='ocrx_word' id='word_1_324' title='bbox 1919 4197 2073 4266; x_wconf 88' lang='grc'>1898)</span> <span class='ocrx_word' id='word_1_325' title='bbox 2110 4214 2162 4265; x_wconf 90' lang='lat' dir='ltr'>p.</span> <span class='ocrx_word' id='word_1_326' title='bbox 2203 4197 2319 4252; x_wconf 87' lang='grc'>136.</span> 
     </span>
    </p>
   </div>
   <div class='ocr_carea' id='block_1_7' title="bbox 1476 4371 1888 4379">
    <p class='ocr_par' dir='ltr' id='par_1_8' title="bbox 1476 4371 1888 4379">
     <span class='ocr_line' id='line_1_38' title="bbox 1476 4371 1888 4379; baseline 0 0"><span class='ocrx_word' id='word_1_327' title='bbox 1476 4371 1888 4379; x_wconf 95' lang='lat' dir='ltr'> </span> 
     </span>
    </p>
   </div>
  </div>
 </body>
</html>
