3576 5085
449 441 557 530 13]
900 442 984 496 De
1019 440 1304 497 stellarum
1340 439 1707 509 appellatione
1742 445 1803 494 et
1838 439 2101 508 religione
2135 439 2381 495 Romana
2697 441 2822 508 105

445 616 991 695 Thurneyssenus
1050 612 1122 678 in
1168 612 1360 677 Thes.
1416 611 1457 676 1.
1500 610 1542 676 l.
1601 611 1673 677 Π
1728 611 1875 694 169,
1935 610 2047 692 qui
2107 611 2229 677 hoc
2286 611 2675 678 vocabulum
2737 613 2822 678 ad

446 716 815 799 exemplum
860 715 1044 783 vocis
1104 714 1334 795 lucifer
1389 712 1616 779 fictum
1675 718 1893 795 putat.
1992 713 2160 796 Ego,
2219 732 2366 780 cum
2412 713 2636 780 exitus
2692 715 2825 795 -fer

445 820 590 888 sine
644 819 843 886 dubio
892 817 1211 883 Latinum
1254 817 1569 883 ostendat
1612 834 1977 883 sermonem
1994 867 2010 900 ‚
2066 816 2334 883 initium
2392 835 2648 898 quoque
2703 837 2822 900 pro

444 922 691 990 Latino
745 918 1090 988 habuerim
1150 923 1218 985 et
1278 918 1657 985 iuncturam
1718 920 1995 986 eandem
2055 919 2432 1001 putaverim
2493 925 2695 1001 atque
2753 921 2823 986 in

444 1025 752 1091 anti-lena
779 1025 1038 1087 anti-sto
1068 1021 1240 1089 aliis,
1327 1022 1566 1104 Itaque
1614 1021 1728 1104 qui
1758 1021 1884 1088 hoc
1914 1022 2305 1091 vocabulum
2349 1021 2824 1106 formaverunt,

446 1146 794 1210 vesperum
838 1125 1093 1207 aliquid
1138 1123 1478 1191 anteferre
1522 1125 1874 1206 putabant.
1979 1123 2191 1208 Quale
2252 1124 2315 1191 id
2365 1124 2585 1209 fuerit,
2648 1125 2823 1192 coni-

449 1250 601 1297 cere
644 1228 931 1296 fortasse
974 1227 1137 1293 licet
1181 1246 1219 1293 e
1248 1226 1567 1294 Varronis
1611 1228 1770 1312 1000,
1815 1246 1858 1293 a
1886 1227 2096 1294 Nonio
2138 1247 2198 1309 p.
2231 1228 2374 1311 112,
2418 1229 2502 1295 23
2541 1232 2826 1295 servato,

447 1333 553 1401 Ibi
595 1332 896 1399 traditur
954 1330 1165 1397 facem
1203 1329 1427 1414 fuisse,
1487 1348 1679 1411 quam
1734 1349 1951 1398 novae
2010 1335 2259 1413 nuptae
2309 1351 2474 1412 puer
2498 1333 2827 1413 ‘iuyeuuus

450 1436 802 1517 auteferret.
891 1432 1108 1500 Simili
1152 1435 1337 1511 modo
1384 1452 1426 1498 a
1471 1451 1748 1514 vespero
1793 1432 1973 1499 nocti
2016 1432 2227 1500 facem
2290 1432 2616 1500 anteferri
2675 1452 2825 1500 con-

449 1542 592 1604 stat
639 1556 723 1603 ex
767 1536 934 1602 artis
966 1535 1284 1618 antiquae
1313 1534 1766 1617 monumentiS‚
1812 1537 1884 1601 in
1927 1535 2165 1617 quibus
2195 1535 2459 1618 saepius
2490 1537 2825 1618 Hesperos

449 1640 727 1722 fingitur
755 1644 1089 1722 tamquam
1119 1656 1284 1721 puer
1312 1638 1520 1704 facem
1551 1640 1752 1705 lunae
1784 1638 2194 1721 anteferens;
2239 1658 2303 1707 v.
2346 1638 2408 1704 D
2426 1644 2469 1704 u
2487 1640 2826 1722 tschke,

448 1742 645 1810 Arcu.
686 1743 879 1824 epiyr.
923 1742 1098 1807 Mitt.
1141 1761 1263 1805 aus
1310 1726 1656 1806 &stewech
1701 1741 1832 1806 VII
1879 1741 2046 1806 1863
2091 1761 2154 1823 p.
2201 1742 2327 1807 166
2372 1744 2522 1808 adn.
2567 1743 2671 1808 65.

619 1844 1040 1927 Noctifer,
1100 1845 1252 1909 -eriz
1321 1844 1464 1909 Cat.
1533 1862 1585 1908 c.
1644 1843 1846 1907 LXII
1906 1845 1945 1907 7
1963 1867 1979 1923 ;
2039 1841 2343 1923 Calpurn.
2404 1843 2520 1910 ecl.
2579 1845 2641 1909 V
2701 1845 2823 1908 121

451 1946 666 2031 (PLM
698 1946 807 2012 ΙΙΙ
836 1946 946 2030 94)
995 1947 1228 2011 eadem
1274 1962 1407 2025 qua
1451 1944 1755 2009 Catullus
1801 1961 2035 2010 versus
2079 1945 2251 2009 sede.
2338 1944 2482 2009 Hoc
2525 1944 2829 2010 Catullus

454 2047 713 2130 poetice
756 2046 953 2112 finxit
998 2051 1074 2112 ut
1118 2047 1401 2112 haberet
1445 2046 1618 2126 quod
1663 2045 1927 2126 lucifero
1971 2047 2420 2127 responderet.

626 2150 856 2231 Neque
910 2152 1135 2215 tamen
1197 2149 1324 2214 hae
1391 2149 1562 2214 duae
1635 2147 2119 2230 appellationes
2179 2167 2482 2230 umquam
2554 2147 2624 2213 in
2702 2166 2828 2214 usu

449 2251 750 2335 populari
777 2251 986 2319 fuisse
1017 2252 1347 2319 videntur.
1392 2251 1672 2317 Accedit
1704 2250 1914 2317 tertia
1943 2253 2282 2335 quaedam,
2321 2271 2452 2333 qua
2480 2269 2828 2333 vesperum

448 2354 751 2438 intellegi
808 2355 987 2420 haud
1043 2373 1160 2421 suo
1220 2352 1366 2420 iure
1424 2358 1835 2436 putaverunt
1886 2353 2018 2421 viri
2079 2354 2286 2438 docti,
2344 2373 2579 2436 nempe
2620 2355 2699 2418 N
2704 2374 2829 2418 oc-

450 2463 768 2524 turnus,
873 2459 1033 2524 Cum
1092 2456 1265 2523 enim
1311 2456 1566 2523 Statius
1623 2457 1695 2522 in
1758 2456 2098 2523 Thebaide
2145 2456 2244 2524 VI
2287 2458 2413 2524 218
2478 2456 2829 2524 luciferum

452 2561 635 2628 sidus
682 2561 1087 2648 appellasset
1123 2565 1519 2644 nocturnum,
1555 2559 1633 2625 L.
1663 2561 1719 2625 P
1735 2580 1771 2626 r
1788 2561 1955 2627 elle
1971 2581 2007 2626 r
2051 2560 2284 2645 (Roem.
2331 2561 2531 2643 Myth.
2576 2561 2645 2627 1⁸
2674 2561 2828 2644 328)

452 2665 856 2731 Nocturnum
930 2682 1164 2729 nomen
1239 2682 1384 2730 esse
1443 2663 1683 2729 stellae
1749 2663 2181 2745 vespertinae
2238 2664 2576 2747 proprium
2636 2669 2829 2731 autu-

452 2767 687 2849 mavit,
749 2767 1075 2832 adductus
1118 2766 1190 2830 ni
1235 2764 1432 2831 fallor
1474 2765 1961 2847 Amphitruone
1991 2767 2304 2833 Plautino
2347 2786 2411 2835 v.
2448 2770 2607 2834 272:
2652 2767 2831 2832 credo

455 2887 562 2948 eqo
603 2868 719 2932 hac
761 2872 948 2931 noctu
989 2868 1388 2932 Nocturnum
1448 2866 1883 2931 obdormivisse
1935 2868 2191 2934 ebrium.
2280 2869 2412 2935 Sed
2468 2871 2528 2936 si
2571 2869 2832 2951 reliqua

457 2988 623 3050 quae
661 2969 1065 3035 Nocturnum
1102 2969 1380 3035 laudant
1424 2969 1808 3036 testimonia
1851 2970 2409 3056 perlustramus,1)
2453 2991 2584 3038 non
2628 2973 2830 3056 siduS,

456 3073 573 3138 sed
619 3074 813 3138 deum
857 3072 1264 3139 Nocturnum
1309 3091 1453 3138 esse
1496 3072 1981 3155 intellegimus:
2042 3092 2246 3155 quare
2305 3075 2478 3141 hanc
2537 3075 2829 3157 appella·

454 3174 698 3241 tionem
742 3178 967 3241 nostro
1011 3174 1156 3241 iure
1200 3176 1556 3259 neglegere
1598 3194 1964 3258 possumus,

1201 3378 1285 3445 B.
1349 3378 1457 3445 De
1498 3380 1661 3446 luce
1705 3379 2092 3447 matutina.

623 3532 670 3599 S
686 3537 718 3598 t
732 3531 850 3598 611
868 3550 910 3597 a
927 3551 963 3598 6
1023 3551 1086 3598 111
1102 3536 1185 3599 at
1199 3552 1244 3599 u
1260 3534 1396 3599 tin
1414 3553 1456 3600 a
1472 3553 1509 3600 e
1567 3534 1698 3599 hae
1758 3540 2113 3601 occurrunt
2155 3534 2672 3617 significationes
2701 3537 2829 3603 Ro-

454 3653 717 3701 manae:
760 3634 1012 3699 stella
1055 3634 1367 3700 diurna
1410 3640 1483 3702 et
1524 3636 1801 3720 iubar,
1848 3655 2014 3718 quas
2041 3636 2196 3704 inde
2226 3658 2268 3705 a
2297 3640 2677 3705 litterarum
2705 3639 2830 3705 ini-

454 3736 571 3803 tiis
613 3742 805 3804 notas
851 3736 1061 3804 fuisse
1105 3757 1188 3804 ex
1231 3738 1632 3805 testimoniis
1677 3744 1978 3821 apparet.

626 3839 896 3904 Stella
953 3840 1294 3907 diurna:
1354 3841 1550 3907 huius
1610 3841 1895 3907 nominis
1940 3860 2098 3909 usus
2157 3860 2285 3908 uno
2343 3842 2479 3909 solo
2538 3843 2833 3910 traditur

397 3948 399 3952 ’
456 3942 770 4024 exemplo.
856 3943 1138 4010 Plautus
1183 3943 1355 4009 enim
1389 3942 1556 4009 dicit
1588 3944 1992 4010 Menaechm.
2023 3962 2221 4011 versu
2255 3945 2409 4011 175:
2450 3944 2600 4009 iude
2639 3965 2834 4027 usque

635 4077 673 4147 ¹)
712 4078 986 4147 Congesta
1038 4084 1168 4135 sunt
1221 4095 1256 4134 a
1301 4096 1355 4136 v.
1402 4080 1455 4135 d.
1493 4080 1799 4135 Drexler
1855 4080 1915 4135 in
1968 4079 2308 4135 Roscheri
2359 4079 2533 4135 lexico
2585 4081 2678 4136 111
2710 4082 2830 4138 446.

456 4163 754 4218 Praeterea
803 4163 863 4218 in
909 4163 1075 4219 titulo
1122 4165 1357 4232 quodam
1398 4165 1847 4235 Carthaginiensi
1894 4164 2108 4234 magico
2142 4165 2451 4235 Νοκτοῦρνε
2497 4167 2681 4236 legere
2727 4167 2831 4222 sibi

454 4248 606 4305 visus
659 4254 745 4303 est
790 4248 857 4303 R.
894 4248 1020 4304 Wu
1037 4265 1116 4305 en
1133 4252 1252 4305 sch
1297 4250 1456 4320 (Mus.
1494 4251 1669 4306 Rhen.
1722 4250 1823 4306 LV
1862 4250 1999 4304 1900
2042 4267 2096 4319 p.
2131 4249 2272 4321 260),
2307 4251 2403 4306 sed
2450 4251 2548 4319 qui
2598 4250 2831 4306 ultimus

453 4333 682 4395 titulum
728 4334 903 4389 edidit
936 4335 1106 4404 Aug.
1142 4336 1293 4390 And
1313 4335 1544 4390 ollent
1579 4335 1965 4405 (Defiaeionum
2002 4335 2247 4405 tabellae,
2294 4336 2424 4391 diss.
2470 4335 2644 4391 Paris.
2695 4335 2831 4389 1904

453 4434 540 4474 no.
587 4418 709 4488 250)
745 4420 1049 4472 Νοκτουκιτ
1080 4421 1377 4490 legendum
1413 4436 1530 4476 esse
1567 4421 1830 4482 affirmat.
