3576 5085
650 445 776 510 242
1551 439 1857 494 Guilelmus
1893 438 2109 494 Gundel
2856 438 3014 525 [150

648 616 1011 696 recepimus
1084 613 1517 694 appellantes,
1619 610 1826 694 Quem
1902 614 2121 676 utrum
2174 609 2451 675 Romani
2508 609 2639 690 ipsi
2699 611 3014 678 observa-

651 717 875 786 verint
918 720 988 782 et
1032 714 1541 796 nominaverint,
1600 733 1685 779 an
1731 731 1773 778 a
1818 712 2093 780 Graecis
2151 711 2533 794 didicerint,
2593 716 2671 777 ut
2728 711 2798 777 in
2858 713 3015 779 reli-

651 819 797 901 quis
881 818 1205 885 incertum
1266 821 1385 883 est.
1501 816 1671 881 Nam
1740 834 1986 899 graeca
2056 832 2184 882 vox
2258 812 2569 897 γαλαξίας
2625 812 2891 880 Latinis
2944 816 3017 881 in

652 940 774 989 usu
819 926 924 987 est
968 920 1193 1004 (Macr.
1238 920 1448 986 Somn.
1488 917 1665 999 Scip.
1703 917 1738 982 Ι
1783 918 1840 1000 4,
1885 917 1944 983 5.
1991 918 2026 982 I
2070 918 2128 999 9,
2177 915 2291 997 10;
2337 917 2532 982 Mart.
2565 916 2718 997 Cap.
2762 917 2836 981 II
2867 918 3021 1000 208,

651 1024 821 1092 VIII
879 1023 1047 1107 834),
1108 1041 1303 1103 quam
1363 1021 1563 1088 etiam
1623 1021 1694 1085 in
1750 1020 2050 1103 qalaxius
2107 1019 2329 1102 (Mart.
2377 1018 2532 1099 Cap.
2577 1019 2648 1084 H
2692 1019 2844 1104 208)
2904 1021 3018 1087 vel

648 1127 949 1212 qalaxeus
979 1125 1089 1209 (ib.
1124 1125 1292 1189 VIII
1322 1124 1474 1208 826)
1504 1121 2010 1206 mutaverunt.1)
2099 1120 2377 1203 Saepius
2408 1140 2564 1190 vero
2600 1123 2682 1186 ad
2713 1122 3019 1188 litteram

654 1233 992 1298 vertentes
1026 1229 1285 1292 lacteum
1314 1227 1501 1291 illum
1531 1229 1774 1291 vocant
1798 1223 2024 1309 (Macr.
2048 1224 2258 1289 Somn.
2284 1223 2454 1305 Scip.
2479 1225 2578 1306 12,
2611 1224 2668 1307 3,
2693 1223 2853 1307 5,13
2878 1225 3020 1308 al.);

654 1332 1034 1413 plerumque
1080 1334 1301 1394 autem
1348 1328 1577 1392 addito
1621 1327 1884 1393 nomine
1924 1326 2155 1392 dicunt
2198 1328 2364 1390 viam
2394 1327 2650 1390 lacteam
2695 1327 2784 1411 (v.
2814 1345 2867 1392 c.
2900 1326 3019 1394 OV.

654 1433 812 1498 Met.
856 1434 892 1497 I
924 1431 1089 1514 168).
1179 1432 1400 1509 Atque
1431 1434 1507 1494 ut
1536 1430 1765 1495 statim
1813 1428 2027 1495 officio
2059 1431 2642 1496 enumerandorum
2687 1429 3022 1495 nominum

655 1534 1142 1618 perfungemur,
1187 1551 1548 1615 synonyma
1584 1550 1704 1612 pro
1747 1533 1852 1595 via
1889 1537 2245 1613 ponuntur:
2291 1533 2429 1596 axis
2459 1532 2792 1616 (Dracont.
2825 1551 3023 1598 carm.

655 1635 821 1719 prof.
865 1636 926 1701 V
970 1635 1115 1718 325,
1157 1635 1346 1700 PLM
1391 1635 1452 1700 V
1497 1653 1647 1717 pag.
1692 1634 1877 1718 150),
1938 1632 2210 1697 circulus
2254 1633 2408 1719 (Cic.
2455 1635 2537 1699 de
2581 1652 2718 1716 rep.
2760 1634 2859 1699 VI
2907 1635 3024 1715 163

656 1738 901 1823 Hygin.
945 1742 1189 1804 astron.
1234 1737 1305 1802 Π
1349 1738 1432 1801 43
1480 1756 1629 1820 pag.
1674 1737 1861 1818 80B;
1907 1736 2075 1803 Plin.
2121 1737 2272 1803 Nat.
2316 1737 2473 1802 hist.
2520 1736 2590 1801 II
2634 1737 2734 1819 91,
2781 1736 3025 1803 XVIII

660 1843 815 1924 280;
863 1841 1203 1907 Claudian.
1249 1840 1554 1906 XXVIII
1601 1841 1755 1920 1743
1803 1840 2008 1905 Macr.
2052 1839 2264 1905 Somn.
2307 1838 2477 1920 Scip.
2519 1839 2555 1903 Ι
2587 1839 2686 1921 15,
2733 1841 2802 1920 1;
2852 1840 3023 1905 Dra-

661 1949 830 2011 cont.
872 1945 914 2009 1.
959 1945 1003 2009 1.
1048 1963 1110 2010 v.
1156 1943 1326 2026 326),
1388 1944 1591 2006 circus
1648 1942 1805 2027 (Cic.
1850 1942 2037 2007 Arat.
2082 1942 2252 2026 249),
2306 1941 2540 2023 flumen
2600 1942 2822 2023 (Mart.
2869 1941 3026 2023 Cap.

660 2049 733 2113 Π
763 2047 932 2130 207),
977 2046 1153 2110 limes
1196 2045 1396 2128 (Man.
1426 2046 1461 2110 I
1504 2047 1644 2128 711,
1693 2044 1860 2127 714),
1903 2044 2069 2108 orbis
2098 2043 2252 2128 (Cic.
2285 2045 2365 2109 de
2393 2062 2529 2125 rep.
2559 2044 2656 2110 VI
2688 2045 2787 2127 16,
2831 2043 3026 2111 Arat.

663 2153 814 2232 286;
860 2150 1076 2217 Germ.
1120 2148 1309 2214 Arat.
1353 2148 1511 2229 4583
1574 2148 1750 2213 Man.
1798 2148 1832 2213 I
1878 2147 2048 2231 753),
2111 2147 2304 2230 playa
2348 2145 2545 2231 (Stat.
2591 2146 2798 2212 Theb.
2843 2147 2878 2211 I
2921 2148 3022 2230 25,

663 2253 820 2319 Silv.
849 2253 884 2317 I
908 2254 965 2335 2,
989 2252 1102 2331 51;
1132 2250 1337 2316 Macr.
1369 2250 1509 2316 Sat.
1532 2251 1566 2316 I
1589 2251 1689 2331 23,
1713 2250 1796 2334 2),
1824 2251 2043 2313 semita
2069 2249 2335 2332 (Auson.
2359 2250 2431 2315 ΙΙ
2454 2250 2512 2332 3,
2536 2251 2645 2330 38;
2680 2249 3024 2315 Claudian.

662 2354 972 2420 XXXIII
1030 2353 1187 2433 2313
1247 2351 1505 2416 Paulin.
1560 2352 1818 2416 Nolan.·
1852 2370 1949 2433 ep.
2004 2352 2065 2418 V
2109 2352 2237 2437 39).
2334 2352 2560 2418 Etiam
2628 2352 3028 2419 adiectivum

662 2456 933 2523 variant
977 2453 1274 2536 epitheta
1317 2453 1708 2520 adhibentes
1754 2473 1797 2519 a
1826 2455 2172 2536 splendore
2210 2454 2455 2535 petita:
2500 2457 2767 2539 astriyer
2797 2454 3028 2539 (Anth.

663 2562 781 2626 lat.
810 2560 880 2624 ΙΙ
908 2559 1114 2640 epigr.
1142 2558 1283 2640 740,
1309 2558 1393 2639 4),
1429 2557 1739 2622 candidus
1768 2558 1970 2641 (Man.
1992 2559 2028 2622 I
2055 2559 2210 2640 7113
2241 2558 2412 2623 Plin.
2441 2559 2595 2625 Nat.
2623 2560 2776 2626 hist.
2805 2560 2877 2624 II
2899 2561 3028 2644 91),

666 2681 933 2743 maynus
972 2660 1247 2725 caudens
1280 2659 1446 2746 (Cic.
1490 2660 1679 2726 Arat.
1721 2662 1893 2745 249),
1939 2661 2184 2725 lucidus
2227 2660 2420 2745 (Stat.
2466 2662 2668 2728 Theb.
2698 2663 2735 2727 I
2765 2663 2870 2747 25)
2916 2664 3028 2730 vel

666 2765 912 2829 elucens
954 2764 1109 2848 (Cic.
1157 2765 1239 2829 de
1280 2783 1414 2845 rep.
1446 2764 1543 2828 VI
1576 2764 1699 2847 16).
1790 2763 2004 2830 Semel
2049 2783 2192 2830 cum
2237 2764 2433 2846 longe
2476 2765 2655 2831 absit
2698 2784 2739 2830 a
2784 2769 3027 2831 morta-

665 2868 827 2934 lium
869 2867 1074 2933 oculis
1123 2867 1501 2948 appellatur
1544 2865 1817 2929 circulus
1859 2866 2124 2930 ultimus
2167 2865 2311 2949 (Ov.
2355 2867 2513 2932 Met.
2557 2868 2628 2932 II
2656 2867 2840 2951 516);
2886 2868 3031 2933 sola

668 2988 786 3052 per
830 2987 902 3034 se
945 2972 1087 3034 stat
1125 2968 1315 3052 playa
1360 2975 1504 3031 usta
1535 2968 1756 3051 (Macr.
1788 2968 1928 3034 Sat.
1959 2968 1993 3033 I
2022 2969 2122 3052 23,
2155 2968 2238 3052 2),
2286 2971 2366 3034 de
2412 2988 2542 3049 qua
2586 2970 3033 3052 appellatione

669 3070 848 3138 infra
894 3070 1027 3137 erit
1065 3072 1429 3136 dicendum.

604 3257 606 3259 ‚
842 3172 1199 3253 Explicare
1236 3172 1625 3238 conantibus
1670 3171 2007 3254 opiniones
2054 3174 2135 3238 de
2179 3174 2292 3240 via
2334 3175 2552 3239 lactea
2596 3175 3030 3257 pervulgatas

671 3277 742 3342 in
784 3275 939 3342 solis
986 3273 1126 3340 fere
1172 3274 1726 3356 appellationibus
1764 3274 1908 3342 sive
1953 3294 2110 3342 vere
2140 3276 2451 3341 Romanis
2495 3277 2638 3344 sive
2685 3296 2726 3342 a
2756 3277 3033 3344 Graecis

675 3379 1035 3460 desumptis
1109 3377 1452 3444 nitendum
1512 3382 1631 3443 est.
1732 3380 1954 3458 Atque
2020 3378 2374 3444 lacteum
2402 3398 2662 3459 *nomen
2717 3399 2759 3446 a
2819 3381 3035 3446 colore

672 3485 939 3548 ductum
984 3498 1128 3546 esse
1172 3499 1358 3546 nemo
1404 3499 1533 3546 non
1577 3479 1780 3546 videt.
1868 3480 2056 3562 Quod
2099 3481 2229 3562 ipsi
2271 3488 2531 3548 veteres
2577 3486 2929 3565 testantur,
2972 3502 3034 3550 v.

675 3604 726 3650 6.
785 3582 1212 3649 Germanicus
1280 3583 1470 3646 Arat.
1531 3583 1689 3648 457:
1766 3582 1941 3645 lactis
1996 3584 2053 3646 ei
2110 3583 2275 3646 color
2332 3588 2388 3647 et
2445 3585 2663 3649 mediis
2717 3587 2818 3649 via
2881 3585 3038 3649 lueet

672 3688 743 3751 in
789 3683 1055 3766 umbri33
1102 3683 1393 3750 Isidorus
1436 3684 1598 3767 orig.
1642 3685 1749 3749 ΠΙ
1794 3684 1896 3768 45,
1944 3687 2020 3750 11
2087 3685 2313 3749 lacteus
2354 3687 2627 3751 circulus
2669 3690 2771 3752 via
2814 3693 2900 3752 est
2928 3737 2943 3752 .
2975 3739 2991 3754 .
3021 3738 3040 3755 .

676 3809 716 3851 a
759 3787 1024 3851 candore
1051 3786 1234 3870 dicta,
1280 3789 1431 3871 quia
1459 3787 1603 3852 alba
1632 3793 1749 3870 εει,
1794 3789 1991 3855 schol.
2023 3788 2238 3854 Germ.
2269 3808 2418 3871 pag.
2450 3791 2591 3872 104,
2622 3792 2663 3855 2
2685 3792 2763 3857 B:
2812 3791 3038 3854 lacteus

677 3890 857 3971 orbec,
902 3889 1067 3973 quod
1108 3889 1267 3953 albis
1310 3890 1578 3954 nubibus
1625 3891 1940 3955 denotetur
1982 3892 2281 3955 circuitus
2323 3894 2468 3956 eiua.
2556 3893 2842 3975 Quorum
2874 3893 3036 3959 Ger-

678 3992 998 4059 manicum
1040 4010 1349 4073 graecum
1394 3997 1745 4077 auctorem,
1805 4012 2035 4075 nempe
2080 3995 2377 4075 Aratum,
2435 3999 2729 4061 secutum
2777 4013 2920 4062 esse
2965 3994 3038 4061 in

679 4095 1027 4177 propatulo
1073 4099 1194 4159 est.
1232 4156 1235 4157 γ
1283 4094 1375 4160 Et
1413 4095 1702 4161 Graecos
1748 4094 2010 4161 fabulas
2055 4098 2369 4176 quasdam
2412 4097 2754 4179 reperisse,
2801 4097 3038 4178 quibus

855 4248 895 4315 ¹)
930 4247 1104 4302 Semel
1140 4247 1329 4302 inveni
1365 4247 1572 4302 dictum
1601 4247 1749 4302 Gala
1784 4249 1931 4316 apud
1954 4250 2127 4304 Anon.
2152 4249 2211 4303 ΙΙ
2233 4248 2293 4304 111
2316 4251 2503 4311 Arato,
2523 4249 2696 4305 latino
2731 4266 2854 4304 cnm
2890 4250 3040 4304 scho-

680 4333 786 4402 liis,
822 4333 886 4387 E.
924 4333 1148 4387 Maass
1189 4334 1484 4389 Comment.
1521 4334 1581 4388 in
1615 4334 1771 4388 Arat.
1809 4333 1925 4387 rell.
1961 4350 2089 4403 pag.
2127 4334 2244 4404 276,
2285 4335 2364 4388 15.
2436 4334 2646 4390 Ibidem
2682 4335 2885 4390 dicitur
2925 4333 3039 4389 Ga-

682 4418 837 4472 laoeia
872 4416 1110 4471 circulus
1143 4434 1195 4473 v.
1233 4418 1315 4471 17.
