3576 5085
728 407 858 474 220
1631 402 1936 457 Guilelmus
1970 401 2186 458 Gundel
2939 400 3098 488 [128

732 577 1125 656 Ciceronem,
1183 574 1296 655 qui
1340 573 1553 641 fusius
1597 573 1961 640 Stoicorum
2013 571 2408 639 sententiam
2466 570 2723 654 profert
2781 573 2864 639 de
2921 573 3099 639 deor.

729 683 868 745 nat.
913 679 984 744 II
1026 679 1141 744 43:
1185 696 1436 741 sensum
1479 681 1685 740 autem
1728 681 2046 740 astrorum
2087 681 2275 759 atque
2300 674 2776 756 intolleyentiam
2807 695 3100 739 maxume

732 781 1007 846 declarat
1048 779 1197 843 ordo
1238 799 1450 843 eorum
1499 784 1683 862 atque
1726 780 2075 842 constantia
2118 828 2134 844 .
2178 829 2194 844 .
2238 829 2253 844 .
2297 779 2364 842 in
2412 797 2534 862 quo
2578 777 2739 842 nihil
2794 784 2880 842 est
2919 784 3099 843 teme-

731 885 1001 962 rarium,
1046 881 1208 947 nihil
1244 883 1508 963 varium,
1554 881 1715 945 nihil
1753 882 2087 962 fortuitum
2132 931 2148 946 .
2193 931 2208 945 .
2254 932 2268 946 .
2311 882 2596 965 sequitur
2635 901 2800 964 erqo,
2846 887 2919 944 ut
2957 882 3098 964 ipsa

730 1005 852 1051 sua
894 992 1123 1069 sponte,
1165 1005 1279 1049 suo
1320 1004 1506 1048 sensu
1562 1004 1637 1047 ac
1694 984 2016 1048 divinitate
2059 989 2432 1049 moveantur.
2520 983 2627 1050 Ex
2684 984 2809 1050 hoc
2866 981 3099 1049 ordine

732 1092 935 1171 atque
992 1093 1174 1154 motu
1232 1084 1606 1153 voluntario
1665 1105 1788 1152 nec
1840 1104 1967 1152 non
2014 1086 2325 1151 alimento
2384 1089 2456 1151 et
2500 1103 2576 1152 eo
2622 1087 2796 1167 quod
2854 1105 2937 1152 ex
2979 1104 3098 1168 pu-

731 1191 993 1257 rissima
1041 1189 1337 1256 aetheris
1383 1192 1577 1271 parte
1621 1188 1988 1270 gignuntur
2039 1188 2174 1271 (39)
2235 1192 2435 1269 atque
2492 1188 2669 1255 hunc
2728 1188 3100 1255 aetherium

732 1294 940 1359 locum
1002 1292 1305 1358 obtinent
1364 1291 1530 1374 (42),
1598 1310 1673 1357 eo
1732 1291 2118 1372 perducitur
2161 1291 2420 1375 Cicero,
2483 1295 2559 1358 ut
2617 1292 2825 1357 addat
2884 1291 2920 1377 ฮพ
2979 1292 3098 1357 44:

734 1415 893 1480 quae
931 1396 1043 1478 qui
1097 1394 1312 1474 videat,
1368 1414 1496 1457 non
1554 1393 1798 1457 indocte
1852 1393 2070 1476 solum,
2129 1413 2336 1457 verum
2396 1395 2581 1458 etiam
2636 1396 2823 1475 impie
2876 1394 3099 1478 faciat,

734 1500 795 1562 si
835 1497 978 1561 deos
1020 1517 1142 1560 esse
1184 1503 1372 1577 neyet.

904 1599 1129 1665 Etiam
1189 1599 1455 1681 Seneca,
1500 1597 1613 1679 qni
1657 1597 1799 1680 ipse
1844 1598 2100 1665 Stoicus
2144 1603 2308 1681 erat,
2366 1598 2436 1663 in
2488 1598 2758 1682 scriptis
2818 1598 3100 1680 philoso-

735 1701 947 1785 phicis
994 1701 1288 1770 divinum
1334 1706 1657 1768 astrorum
1702 1719 1962 1767 sensum
2006 1701 2250 1783 passim
2295 1702 2528 1767 laudat
2573 1700 2657 1786 (v.
2691 1720 2742 1767 c.
2772 1703 2854 1767 de
2884 1703 3102 1768 benef.

735 1806 834 1873 IV
879 1806 979 1888 23,
1023 1812 1159 1872 nat.
1212 1809 1464 1886 quaest.
1523 1804 1593 1869 II
1638 1806 1739 1887 32,
1797 1805 1880 1888 6).
1983 1803 2211 1885 Neque
2269 1804 2673 1870 carminibus
2731 1803 2870 1871 suis
2927 1805 3104 1870 hanc

735 1908 1106 1991 opinionem
1150 1907 1398 1973 inferre
1460 1905 1816 1988 dubitavit,
1877 1907 2113 1987 quibus
2180 1907 2480 1973 omnibus
2541 1912 2730 1972 astra
2791 1907 2884 1972 dii
2943 1911 3104 1973 sunt

734 2011 1120 2094 ignorantes
1179 2011 1470 2076 laborem
1537 2028 1878 2091 operosum
1937 2012 2005 2075 et
2063 2008 2410 2075 molestum
2461 2009 2759 2094 (Thyest.
2805 2010 2932 2075 843
2990 2009 3107 2073 ibit

734 2116 806 2178 in
864 2133 1063 2176 unum
1124 2118 1404 2197 conyesta
1477 2114 1684 2175 sinum
1745 2111 1928 2175 turba
1978 2111 2266 2193 deorum3
2326 2112 2522 2177 Herc.
2580 2111 2706 2177 fur.
2768 2113 2849 2177 12
2919 2112 3102 2193 ferro

736 2218 956 2279 minax
983 2214 1126 2279 hinc
1149 2220 1331 2279 terret
1358 2214 1547 2278 Om'on
1570 2214 1751 2294 deos).
1805 2216 1899 2280 At
1925 2232 2052 2280 non
2082 2213 2183 2280 illi
2212 2214 2335 2281 soli
2365 2216 2486 2281 hoc
2515 2233 2891 2281 concessum
2921 2219 3101 2281 erat:

737 2317 891 2383 aliis
951 2336 1204 2398 quoque
1263 2317 1531 2383 vatibus
1601 2316 1822 2382 sidera
1882 2316 1975 2383 dii
2035 2322 2245 2384 erant.
2347 2318 2444 2383 Ut
2489 2318 2747 2384 Aetnae
2791 2316 3105 2384 carminis

734 2424 964 2486 auctor
1007 2420 1169 2485 item
1213 2418 1630 2501 philosophos
1676 2419 2040 2486 aemulatus
2088 2419 2250 2485 dicit
2293 2441 2354 2488 v.
2400 2421 2484 2487 32
2502 2439 2670 2501 sqq.:

1642 2559 1768 2606 non
1816 2544 1920 2606 est
1961 2546 2100 2607 tam
2146 2539 2415 2607 sordida
2460 2539 2632 2607 divis

1048 2662 1206 2709 cura
1250 2661 1462 2724 neque
1509 2648 1842 2709 extremas
1884 2642 1989 2709 ius
2033 2648 2139 2709 est
2185 2644 2523 2709 dimittere
2566 2643 2636 2709 in
2683 2648 2865 2709 artes

1045 2745 1299 2827 sidera3
1347 2748 1665 2812 subducto
1711 2751 2001 2829 regnant
2045 2745 2353 2812 sublimia
2397 2747 2578 2812 caelo

1045 2848 1165 2914 illa
1209 2867 1422 2929 neque
1469 2848 1796 2914 artificum
1843 2854 2080 2915 curant
2123 2853 2418 2914 tractare
2465 2849 2774 2916 laborem.

910 2985 1290 3052 Accedebat
1321 2987 1492 3066 quod
1522 2985 1728 3052 variis
1759 2985 1894 3052 illis
1926 2985 2406 3051 catasterismis
2445 2984 2682 3066 quibus
2726 2985 2795 3051 in
2843 2984 3101 3052 caelum

738 3089 966 3154 heroes
1011 3092 1081 3153 et
1124 3087 1457 3169 heroinae,
1502 3087 1700 3153 Orion
1746 3094 1815 3154 et
1857 3088 2129 3155 Callisto
2181 3089 2652 3172 evehebantur,
2711 3088 2924 3171 poetis
2981 3107 3102 3170 pro

738 3190 960 3256 eodem
1008 3190 1273 3256 cederet
1316 3190 1535 3255 dicere
1592 3192 1757 3254 inter
1815 3191 1960 3255 deos
1999 3192 2239 3273 referre
2282 3196 2351 3258 et
2406 3193 2574 3256 inter
2612 3191 2822 3256 szdera
2864 3192 3106 3273 referre

739 3291 824 3376 (v.
868 3311 922 3358 c.
964 3292 1152 3357 PLM
1197 3292 1257 3358 V
1300 3312 1445 3375 pag.
1487 3293 1632 3373 390,
1679 3293 1871 3377 7sq.).

910 3395 1209 3477 Denique
1268 3396 1409 3461 sine
1469 3395 1607 3461 ulla
1667 3395 2066 3462 difficultate
2137 3415 2254 3477 pro
2315 3396 2486 3463 divis
2546 3396 2766 3462 sidera
2824 3401 3106 3478 possunt

737 3497 907 3579 poni,
959 3497 1144 3563 cuius
1203 3497 1303 3563 rei
1365 3499 1490 3563 duo
1534 3517 1650 3578 pro
1710 3498 2012 3579 pluribus
2072 3501 2372 3580 exempla
2430 3500 2737 3565 attulisse
2796 3498 3106 3566 sufficiet.

738 3601 936 3681 Apud
981 3599 1272 3665 Statium
1317 3600 1557 3666 Achill.
1602 3601 1636 3666 I
1680 3602 1808 3667 252
1848 3600 2087 3667 Thetis
2135 3601 2456 3668 Achillem
2504 3601 2894 3682 alloquitur:

1048 3718 1108 3784 si
1153 3718 1332 3802 mihi,
1377 3737 1528 3785 care
1571 3737 1751 3803 puer,
1797 3720 2122 3786 thalamos
2173 3738 2315 3786 sors
2361 3739 2575 3802 aequa
2618 3721 2887 3788 tulisset

958 3848 959 3851 ยน
1050 3840 1209 3901 qnos
1253 3823 1475 3904 dabat,
1519 3822 1850 3889 aethereis
1896 3842 2018 3906 ego
2062 3828 2131 3889 te
2176 3824 2515 3905 complexa
2557 3828 2854 3890 tenerem

1050 3923 1233 3989 sidus
1277 3926 1526 4007 grande
1572 3925 1808 4008 plagis.

742 4127 813 4183 ad
869 4126 1145 4182 Salamina
1203 4133 1537 4195 reportatam
1585 4127 1821 4196 Delphos
1868 4127 2162 4198 miserunt,
2221 4145 2275 4183 v.
2322 4129 2578 4185 Herodot.
2626 4130 2769 4185 VIII
2817 4129 2943 4199 122,
2993 4129 3107 4186 Cic.

741 4212 810 4267 de
844 4212 1012 4268 divin.
1038 4212 1067 4265 I
1094 4212 1175 4266 75.
1248 4212 1460 4267 Similia
1494 4211 1787 4268 credebant
1810 4213 1978 4268 Poeni
2007 4212 2421 4282 (Robertson
2456 4215 2680 4270 Smith
2716 4214 2973 4285 Reliyion
3008 4214 3110 4270 der

741 4297 984 4352 Semitcn
1017 4314 1145 4367 pag.
1170 4297 1275 4366 96),
1312 4297 1506 4352 Iudaei
1542 4297 1761 4367 (Gunk
1778 4299 1839 4353 el
1878 4298 2198 4369 Schdpfuny
2231 4298 2348 4353 und
2375 4299 2550 4354 Chaos
2585 4317 2715 4371 pag.
2750 4300 2820 4370 9),
2846 4299 3109 4356 Germani

742 4383 890 4453 (Tac.
927 4383 1123 4438 Annal.
1162 4384 1306 4437 XIII
1340 4382 1446 4452 55).
