3576 5085
726 433 853 499 140
1625 429 1930 485 Guilelmus
1965 429 2178 485 Gundel
2987 432 3097 511 [48

1358 843 1402 939 ξ
1457 854 1527 919 3.
1616 850 1739 919 De
1793 848 2133 919 Arcturi
2186 847 2448 919 stella.

901 1016 1257 1080 Arcturum
1300 1014 1584 1095 stellam,
1626 1013 1695 1078 id
1740 1013 1910 1093 quod
1952 1012 2085 1077 iam
2140 1011 2209 1076 in
2241 1011 2566 1093 prooemio
2611 1029 2816 1094 supra
2858 1014 3099 1094 monui,

724 1119 849 1185 hoc
892 1118 1031 1183 loco
1062 1116 1292 1199 adieci,
1337 1116 1498 1181 licet
1531 1114 2010 1196 appellationes
2050 1119 2170 1180 aut
2199 1113 2557 1197 religiones
2586 1113 2919 1182 Romanas
2947 1132 3095 1181 cum

724 1240 802 1287 eo
861 1221 1248 1286 coniunctas
1304 1220 1667 1285 habeamus
1747 1219 1994 1298 nullaS‚
2070 1235 2220 1283 nam
2280 1217 2576 1283 Graecae
2641 1235 2864 1284 omnes
2922 1226 3098 1284 sunt.

728 1324 920 1389 Unde
965 1322 1264 1402 sequitur
1293 1321 1655 1401 priscorum
1686 1320 2071 1385 Latinorum
2106 1319 2647 1402 significationem
2692 1326 2811 1386 aut
2839 1321 3097 1387 omnino

726 1443 859 1492 non
906 1424 1244 1490 exstitisse
1276 1429 1393 1489 aut
1422 1422 1682 1507 graecis
1714 1422 1985 1490 vocibus
2030 1428 2261 1505 postea
2289 1440 2660 1504 repressam
2691 1442 2858 1489 esse:
2903 1441 3096 1506 quam

726 1528 1176 1609 quaestionem
1220 1528 1343 1593 hoc
1387 1527 1523 1593 loco
1567 1529 1853 1591 nondum
1914 1526 2276 1591 diiudicare
2336 1528 2558 1592 audeo.
2647 1527 2897 1592 Tamen
2954 1544 3098 1593 arc-

729 1638 949 1696 turum
996 1630 1290 1711 recipere
1321 1648 1446 1695 non
1481 1628 1806 1710 dubitavi,
1853 1629 2008 1709 quia
2038 1629 2340 1710 sequiore
2384 1634 2610 1694 aetate
2639 1646 2893 1695 summa
2919 1632 3101 1711 apud

730 1733 1058 1799 Romanos
1118 1732 1189 1799 vi
1243 1732 1376 1798 fuit
1436 1731 1951 1814 saepissimeque
2006 1750 2046 1796 a
2090 1732 2527 1814 scriptoribus
2586 1736 2656 1797 et
2701 1730 2965 1799 vinctae
3031 1738 3102 1799 et

729 1836 984 1903 solutae
1030 1834 1347 1902 orationis
1391 1839 1767 1917 usurpatur.
1858 1835 2014 1900 Cum
2078 1853 2234 1900 vero
2277 1834 2471 1900 initio
2530 1853 2661 1900 non
2705 1854 2824 1917 pro
2883 1835 3102 1901 sidere

731 1941 848 2005 sed
892 1958 1009 2020 pro
1056 1939 1256 2005 stella
1300 1938 1622 2021 singulari
1665 1942 1999 2004 arcturum
2046 1936 2357 2003 habuisse
2399 1937 2768 2003 videantur
2817 1943 3103 2021 veteres

730 2060 880 2107 eum
926 2041 994 2105 in
1038 2041 1244 2122 primo
1289 2041 1507 2122 capite
1553 2058 2058 2107 commemorare
2102 2040 2304 2105 malui
2348 2058 2543 2120 quam
2597 2040 2666 2105 in
2713 2043 3017 2107 secundo,

1450 2280 1490 2348 Ι.
1562 2281 1650 2350 De
1696 2280 1956 2350 Arcturi
2004 2280 2389 2350 nominibus.

907 2436 1356 2517 Ανειαναε,
1416 2435 1507 2496 -ri
1564 2453 1709 2516 gen.
1770 2452 1998 2500 masc:
2059 2435 2337 2500 Graecis
2394 2432 2746 2519 α’ρκτοῦρος
2804 2434 2956 2501 inde
3016 2436 3104 2501 ab

733 2535 1008 2605 Hesiodi
1053 2541 1280 2603 aetate
1327 2541 1522 2603 notus
1567 2542 1717 2604 erat
1762 2538 1886 2623 (op.
1929 2537 2103 2622 566),
2169 2537 2281 2619 qui
2343 2557 2539 2603 unam
2600 2537 2783 2608 illam
2842 2538 3107 2605 stellam

733 2642 837 2706 ita
884 2641 1196 2723 appellat,
1243 2660 1281 2705 e
1313 2659 1444 2722 qua
1485 2645 1715 2723 postea
1754 2646 1963 2706 totum
1996 2640 2180 2707 sidus
2211 2660 2443 2707 nomen
2486 2641 2776 2708 traxisse
2806 2641 3104 2709 videtur:

731 2742 930 2828 ἀστὴρ
988 2743 1370 2828 Ἀρκτοῦρος.
1472 2744 1848 2811 Posteriore
1924 2749 2148 2810 autem
2220 2749 2516 2826 tempore
2576 2746 2836 2811 demum
2893 2749 3106 2813 totum

732 2847 931 2929 sidus,
976 2866 1014 2912 e
1054 2866 1179 2927 quo
1225 2846 1487 2930 eminet,
1531 2848 1936 2929 appellatum
1983 2866 2129 2913 esse
2173 2847 2315 2914 veri
2360 2847 2572 2913 simile
2618 2853 2738 2930 est,
2796 2848 2853 2913 si
2912 2848 3106 2914 remi-

734 2951 1050 3016 niscimur
1082 2968 1323 3032 eorum,
1371 2968 1539 3031 quae
1578 2968 1779 3032 supra
1817 2970 1878 3031 p.
1909 2951 1993 3015 34
2040 2951 2121 3016 de
2152 2950 2323 3016 Sirio
2356 2949 2536 3017 dicta
2563 2955 2738 3016 sunt.
2825 2950 3106 3032 Primus

732 3058 1063 3134 quantum
1118 3071 1235 3118 nos
1280 3051 1597 3135 videmus
1658 3055 1739 3118 de
1782 3053 1971 3136 signo
2031 3053 2272 3134 Lysias
2332 3052 2502 3118 dixit
2559 3054 2904 3136 (Harpocr.
2949 3072 3000 3119 s,
3047 3072 3106 3120 v.

732 3154 1121 3240 ἀρκτοῦρος).
1224 3156 1438 3238 Quam
1492 3157 1575 3221 ob
1635 3174 1773 3222 rem
1833 3173 1960 3222 non
2021 3155 2366 3238 miramur,
2441 3158 2611 3237 quod
2669 3155 2741 3221 in
2798 3157 3106 3224 Rudente

734 3257 1082 3341 Plautina,
1159 3276 1330 3338 quae
1401 3258 1677 3339 primam
1743 3258 2014 3324 Arcturi
2088 3258 2461 3324 memoriam
2536 3261 2716 3340 apud
2779 3259 3108 3326 Romanos

737 3360 1071 3442 servavit,
1134 3360 1371 3426 sideris
1415 3360 1818 3443 significatio
1863 3361 2261 3444 inveniatur,
2305 3381 2399 3428 VS.
2445 3363 2624 3442 3sq‚:

1047 3480 1148 3545 ita
1191 3499 1352 3564 sum,
1394 3487 1468 3546 ut
1512 3482 1777 3566 videtis,
1822 3483 2174 3564 splendens
2219 3483 2416 3548 stella
2461 3481 2760 3564 candida,

1048 3583 1381 3665 signum
1429 3587 1601 3665 quod
1646 3604 1905 3666 semper
1948 3591 2236 3666 tempore
2281 3584 2579 3650 exoritur
2621 3604 2754 3669 suo,

742 3690 810 3750 et
856 3705 951 3754 VS.
992 3685 1104 3751 70:

1047 3807 1195 3853 nam
1245 3790 1570 3857 Arcturus
1617 3789 1952 3872 signum
1999 3809 2141 3856 sum
2189 3790 2471 3856 omnium
2516 3789 2926 3856 acerrimum.

911 3909 1040 3974 Sed
1058 3915 1326 3990 praeter
1340 3910 1654 3977 Plautum
1670 3931 1788 3993 per
1804 3910 2022 3977 omnia
2044 3910 2186 3977 fere
2209 3910 2439 3976 Latini
2470 3911 2786 3977 sermonis
2812 3916 3109 3994 tempora

738 4011 977 4092 duplex
1010 4012 1477 4093 appellationis
1512 4032 1668 4079 usus
1711 4018 1781 4079 et
1803 4015 2042 4079 stellae
2089 4019 2154 4079 et
2207 4013 2442 4079 sideris
2476 4016 2770 4095 extabat,
2802 4014 2988 4080 cuius
3010 4013 3109 4079 rei

738 4115 1038 4196 exempla
1069 4120 1229 4195 quot
1272 4120 1654 4181 manserunt
1698 4121 2012 4199 congesta
2048 4121 2205 4182 sunt
2241 4116 2310 4181 in
2344 4117 2679 4182 Thesauro
2708 4116 2981 4200 linguae
3011 4117 3110 4183 la—

738 4215 920 4282 tinae
943 4218 1013 4282 II
1036 4220 1164 4282 472
1181 4236 1291 4301 sq„
1317 4238 1485 4299 quae
1503 4219 1721 4285 omnia
1746 4224 2045 4300 repetere
2063 4220 2309 4286 taedet.
2352 4217 2500 4285 Duo
2525 4224 2784 4287 tantum
2802 4218 3110 4286 afferam:

739 4320 1053 4386 orationis
1098 4321 1355 4387 solutae
1415 4324 1658 4387 testem
1704 4323 2061 4388 Varronem
2083 4373 2099 4405 ‚
2159 4324 2272 4403 qui
2334 4328 2402 4389 et
2460 4323 2601 4405 ipse
2661 4325 2741 4388 de
2801 4322 3108 4390 universo

739 4421 956 4489 sidere
1018 4423 1271 4506 cogitat
1327 4423 1434 4509 (de
1493 4445 1544 4490 r.
1587 4445 1636 4490 r.
1699 4424 1806 4491 III
1854 4427 1951 4509 16,
1996 4427 2111 4492 34:
2171 4430 2502 4508 antequam
2566 4431 2728 4491 totus
2788 4425 3114 4490 exoriatur
