3576 5085
500 454 612 544 89]
951 456 1031 509 De
1071 454 1353 508 stellarum
1391 452 1759 521 appellatione
1798 458 1854 507 et
1891 452 2154 521 religione
2190 453 2435 506 Romana
2747 456 2868 519 181

503 630 1033 708 commemorant,
1093 644 1154 693 v.
1212 644 1265 690 c.
1310 624 1427 690 Ov.
1474 625 1629 689 Met.
1685 624 1853 689 VIII
1913 625 2054 706 207,
2116 624 2290 689 XIII
2349 625 2493 707 294,
2554 630 2679 690 art.
2748 645 2871 691 am.

501 730 573 796 Π
617 731 701 796 56
747 728 1012 813 (ensiqer
1059 726 1295 810 Orion),
1355 728 1538 792 Fast.
1584 727 1679 791 IV
1724 727 1851 792 388
1912 727 2183 810 (ensiyer
2231 727 2482 810 Orion);
2543 728 2788 793 Lucan.
2837 728 2872 793 Ι

501 832 630 899 665
666 831 920 918 (ensifer
954 831 1277 914 Orion);¹)
1324 830 1500 896 ensis
1547 834 1649 895 est
1698 849 1938 895 aureus
1987 829 2185 912 Verg.
2231 834 2392 896 Aen.
2426 831 2531 895 III
2564 833 2707 912 517,
2754 850 2870 897 au-

501 940 690 1001 ratus
737 935 972 1000 Avien.
1018 935 1089 999 II
1136 936 1277 999 723.
1366 933 1540 1016 Quin
1600 933 1804 997 etiam
1864 951 1981 1014 pro
2038 932 2300 1014 integro
2347 933 2589 999 Orione
2649 953 2870 1000 ensem

501 1055 746 1119 ponere
792 1055 991 1103 ausus
1033 1040 1137 1102 est
1182 1036 1327 1102 Val.
1373 1035 1588 1100 Flacc.
1634 1035 1703 1099 II
1748 1037 1831 1100 67
1857 1054 1980 1115 sq.:

810 1156 1116 1221 Pleiades
1161 1157 1601 1237 Hyadumque
1645 1156 1835 1237 locos,
1878 1174 2002 1235 quo
2050 1156 2268 1220 sidere
2314 1155 2535 1222 vibret

813 1258 1045 1324 ensis
1090 1263 1160 1324 et
1206 1260 1534 1323 Arctaeus
1576 1258 1795 1322 niteat
1839 1277 1962 1338 quo
2010 1257 2156 1323 luce
2203 1258 2457 1324 Bootes,

674 1379 769 1444 Et
813 1398 854 1444 a
892 1378 1115 1462 gladio
1160 1397 1394 1443 nomen
1434 1377 1704 1460 iugulae
1766 1377 2119 1444 derivabat
2165 1377 2474 1460 Isidorus,
2534 1384 2610 1443 ut
2670 1396 2873 1459 supra

504 1501 566 1563 p.
611 1483 695 1547 84
750 1482 1052 1548 vidimus.

673 1584 1068 1649 Demittitur
1111 1584 1287 1649 ensis
1334 1603 1376 1648 a
1403 1583 1623 1649 balteo
1670 1582 2215 1665 splendidissime,
2261 1588 2414 1649 noto
2447 1582 2561 1648 illo
2607 1582 2869 1648 Orionis

504 1687 784 1769 cingulo.
874 1688 1059 1770 Quod
1118 1687 1377 1768 saepius
1424 1706 1480 1752 <a
1525 1685 1739 1767 poetis
1802 1686 2182 1751 celebratur
2240 1690 2573 1765 tamquam
2636 1685 2874 1748 balteus

502 1790 725 1853 rubens
770 1788 1030 1872 (Avien.
1072 1789 1143 1853 Π
1174 1789 1342 1872 723),
1388 1790 1640 1871 oinyula
1684 1788 1972 1851 ardentia
2004 1788 2270 1871 (Avien.
2312 1787 2383 1851 II
2426 1787 2611 1866 1100,
2660 1788 2871 1869 1375),

501 1894 850 1955 succinctus
897 1890 1090 1955 Orion
1137 1892 1386 1972 (Claud.
1430 1891 1562 1956 VII
1611 1891 1777 1972 171),
1821 1909 1980 1952 zona
2026 1889 2166 1972 (Ov.
2211 1890 2268 1954 F
2270 1896 2392 1956 ast.
2438 1891 2534 1954 VI
2581 1892 2745 1969 7873
2793 1889 2873 1954 cf.

504 1994 676 2059 Plin.
720 1995 872 2059 Nat.
932 1993 1082 2059 hist.
1128 1993 1368 2058 XVIII
1413 1993 1596 2077 288);
1655 2000 1828 2075 septa
1878 1991 2132 2055 Orionis
2190 1997 2647 2059 commemorat
2691 1991 2872 2057 Pris-

505 2096 809 2163 cillianus
876 2100 1072 2162 tract.
1137 2096 1173 2161 Ι
1225 2097 1324 2161 31.
1437 2095 1711 2161 Omnino
1765 2101 1985 2161 autem
2055 2100 2387 2177 tamquam
2466 2094 2666 2160 armis
2731 2094 2868 2160 suis

502 2200 660 2267 belli
705 2207 1022 2266 terrorem
1090 2219 1251 2280 prae
1311 2217 1380 2264 se
1440 2199 1663 2265 ferens
1723 2202 2004 2280 apparet
2064 2198 2282 2282 Orion,
2345 2199 2589 2264 Lucan.
2635 2199 2670 2263 Ι
2725 2200 2871 2264 665.

503 2303 733 2369 Talem
792 2307 1107 2368 terrorem
1153 2301 1473 2383 imprimis
1519 2301 1713 2367 inicit
1771 2301 1955 2384 caeli,
2017 2301 2201 2366 cuius
2244 2320 2547 2384 magnam
2613 2307 2871 2382 partem

501 2405 733 2487 implet
764 2405 965 2489 (Man.
1005 2406 1061 2470 V
1097 2407 1194 2486 12,
1235 2404 1392 2470 Luc.
1425 2403 1677 2484 Ampel.
1709 2404 1859 2489 III),
1905 2403 2249 2486 sideribuS,
2294 2422 2464 2484 quae
2509 2403 2874 2469 formidant

503 2527 650 2576 eum
710 2508 904 2594 (Stat.
965 2508 1124 2576 Silv.
1170 2508 1205 2573 Ι
1253 2510 1306 2589 1,
1351 2509 1460 2588 453
1521 2507 1668 2573 Sen.
1713 2508 1909 2573 Herc.
1954 2505 2079 2573 fur.
2129 2508 2242 2588 123
2303 2505 2538 2573 Avien.
2585 2506 2657 2572 II
2700 2506 2873 2591 584).

674 2613 902 2693 Neque
948 2611 1159 2676 minus
1204 2610 1368 2691 ipsis
1412 2610 1784 2675 hominibus
1842 2610 1976 2678 vim
2022 2615 2092 2676 et
2135 2610 2434 2691 pericula
2479 2609 2871 2676 minabatur.

502 2715 906 2780 Numeratur
951 2712 1124 2778 enim
1170 2712 1346 2777 inter
1388 2712 1650 2775 horrida
1693 2713 1919 2793 side-ro,
1965 2734 2004 2774 α
2050 2713 2276 2795 quibus
2311 2713 2615 2792 procellae
2653 2716 2873 2777 exeunt

503 2820 681 2880 teste
725 2814 943 2880 Plinio
987 2814 1137 2879 Nat.
1182 2814 1336 2880 hist.
1381 2814 1617 2879 XVIII
1665 2815 1809 2879 278.
1899 2815 2126 2894 Neque
2190 2814 2458 2879 difficile
2512 2819 2615 2880 est
2676 2815 2871 2880 huius

507 2916 829 2998 opinionis
890 2935 1153 2982 causam
1203 2916 1538 2982 invenire:
1595 2915 1943 2982 occidebat
1990 2916 2163 2982 enim
2210 2923 2277 2982 et
2321 2917 2663 2982 oriebatur
2707 2923 2872 2982 tem-

504 3019 776 3100 poribus
820 3019 977 3085 anni
1022 3025 1419 3101 tempestate
1450 3020 1682 3100 iniqua
1712 3018 1997 3085 famosis,
2087 3020 2298 3085 Notae
2344 3025 2501 3086 sunt
2543 3014 2872 3100 procellae

508 3121 1061 3204 aequinoctialeS,
1123 3129 1191 3188 et
1248 3122 1461 3187 tradit
1520 3121 1692 3187 idem
1739 3122 1999 3188 Plinius
2052 3123 2203 3188 Nat.
2265 3123 2416 3188 hist.
2461 3123 2700 3187 XVIII
2744 3124 2872 3187 246

506 3225 685 3290 circa
723 3224 1207 3305 aequinoctium
1276 3243 1551 3290 vernum
1606 3231 1880 3307 Aegypto
1943 3225 2228 3289 Orionem
2286 3232 2340 3289 et
2392 3225 2679 3309 yladium
2739 3227 2874 3288 eizts

506 3329 701 3408 incipi
758 3327 1066 3393 abscondi.
1166 3328 1404 3393 Altera
1465 3347 1547 3393 ex
1604 3333 1798 3409 parte
1856 3327 2017 3393 dicit
2064 3329 2354 3394 Isidorus
2413 3330 2492 3394 de
2551 3332 2691 3394 nat.
2749 3348 2873 3394 rer.

504 3432 670 3497 XVI
727 3433 798 3497 8:
858 3430 927 3493 hi
984 3432 1208 3515 quippe
1271 3429 1530 3494 Oriones
1592 3433 1663 3493 in
1720 3432 1858 3510 ipso
1906 3430 2184 3514 pondere
2241 3433 2534 3511 temporis
2591 3430 2874 3494 hiemalis

503 3535 875 3599 exoriuntur
931 3554 1159 3617 suoque
1216 3540 1358 3596 ortu
1416 3533 1642 3597 imbres
1699 3540 1754 3596 et
1812 3539 2190 3616 tempestates
2232 3537 2496 3598 excitant
2552 3539 2607 3597 et
2667 3536 2873 3597 maria

505 3644 821 3720 terrasque
856 3636 1243 3717 perturbant.
1334 3636 1557 3718 Quare
1598 3636 1823 3701 nautis
1868 3636 2153 3702 infestus
2200 3637 2585 3720 depingitur
2629 3656 2689 3702 v.
2735 3656 2786 3701 c.
2832 3656 2873 3701 a

504 3739 821 3821 Vergilio,
866 3741 1028 3804 Aen.
1073 3740 1108 3804 I
1152 3740 1280 3805 535
1296 3757 1461 3820 sqq.:
2153 3756 2156 3759 ·

816 3860 961 3906 cum
1006 3841 1223 3907 subito
1271 3860 1626 3924 assurgens
1671 3842 1874 3907 fluctu
1921 3843 2251 3907 nimbosus
2298 3841 2499 3908 Orion
2633 3842 2638 3846 ’

814 3943 884 4007 in
930 3946 1104 4009 vada
1149 3963 1346 4010 caeca
1391 3944 1551 4010 tulit
1594 3944 1989 4026 penitusque
2033 3944 2420 4026 procacibus
2466 3943 2713 4009 austris

814 4064 1061 4127 perque
1100 4050 1308 4112 undas
1355 4053 1711 4130 superante
1757 4048 1901 4113 salo
1947 4066 2192 4129 perque
2237 4046 2424 4114 invia
2467 4065 2628 4112 saxa

816 4148 1110 4230 dispulit.

680 4268 941 4335 Similia
986 4275 1231 4335 canunt
1276 4271 1473 4353 Verg.
1519 4271 1681 4335 Aen.
1727 4271 1864 4336 VII
1903 4271 2059 4352 7193
2105 4271 2260 4336 Hor.
2308 4289 2501 4336 carm.
2546 4269 2579 4333 I
2625 4269 2725 4349 28,
2770 4269 2871 4350 21,

683 4439 724 4508 ¹)
762 4456 1020 4494 mucrone
1056 4438 1281 4494 minans
1316 4440 1519 4496 dicitur
1554 4458 1588 4495 a
1622 4441 1802 4496 Statio
1839 4441 1969 4496 Silv.
2007 4443 2035 4495 1
2074 4444 2119 4510 1,
2156 4443 2238 4496 44.
