<?xml version="1.0" encoding="UTF-8"?>
<!DOCTYPE html PUBLIC "-//W3C//DTD XHTML 1.0 Transitional//EN"
    "http://www.w3.org/TR/xhtml1/DTD/xhtml1-transitional.dtd">
<html xmlns="http://www.w3.org/1999/xhtml" xml:lang="en" lang="en">
 <head>
  <title>
</title>
<meta http-equiv="Content-Type" content="text/html;charset=utf-8" />
  <meta name='ocr-system' content='tesseract 3.04.00' />
  <meta name='ocr-capabilities' content='ocr_page ocr_carea ocr_par ocr_line ocrx_word'/>
</head>
<body>
  <div class='ocr_page' id='page_1' title='image "./destellarumappe01gundgoog_0052.png"; bbox 0 0 3576 5085; ppageno 0'>
   <div class='ocr_carea' id='block_1_1' title="bbox 700 417 3066 505">
    <p class='ocr_par' dir='ltr' id='par_1_1' title="bbox 700 417 3066 505">
     <span class='ocr_line' id='line_1_1' title="bbox 700 417 3066 505; baseline -0.002 -29"><span class='ocrx_word' id='word_1_1' title='bbox 700 426 823 489; x_wconf 84' lang='lat'>136</span> <span class='ocrx_word' id='word_1_2' title='bbox 1602 420 1908 474; x_wconf 79' lang='lat' dir='ltr'><strong>Guilelmus</strong></span> <span class='ocrx_word' id='word_1_3' title='bbox 1945 420 2156 474; x_wconf 89' lang='lat' dir='ltr'>Gundel</span> <span class='ocrx_word' id='word_1_4' title='bbox 2955 417 3066 505; x_wconf 79' lang='lat'>[44</span> 
     </span>
    </p>
   </div>
   <div class='ocr_carea' id='block_1_2' title="bbox 694 586 3068 2730">
    <p class='ocr_par' dir='ltr' id='par_1_2' title="bbox 694 586 3066 1192">
     <span class='ocr_line' id='line_1_2' title="bbox 695 586 3063 679; baseline 0 -24"><span class='ocrx_word' id='word_1_5' title='bbox 695 593 916 679; x_wconf 77' lang='grc' dir='ltr'><strong><em>λύττης</em></strong></span> <span class='ocrx_word' id='word_1_6' title='bbox 945 592 1163 668; x_wconf 76' lang='grc' dir='ltr'><em>αὐτοῖς</em></span> <span class='ocrx_word' id='word_1_7' title='bbox 1193 589 1402 667; x_wconf 76' lang='grc' dir='ltr'><strong><em>αἴτιος</em></strong></span> <span class='ocrx_word' id='word_1_8' title='bbox 1431 586 1610 656; x_wconf 76' lang='grc' dir='ltr'><strong><em>εἶναι.</em></strong></span> <span class='ocrx_word' id='word_1_9' title='bbox 1656 590 1846 673; x_wconf 77' lang='lat' dir='ltr'>Quae</span> <span class='ocrx_word' id='word_1_10' title='bbox 1881 590 1942 657; x_wconf 90' lang='lat' dir='ltr'>si</span> <span class='ocrx_word' id='word_1_11' title='bbox 1973 609 2135 656; x_wconf 82' lang='lat' dir='ltr'>vera</span> <span class='ocrx_word' id='word_1_12' title='bbox 2165 608 2363 655; x_wconf 84' lang='lat' dir='ltr'>causa</span> <span class='ocrx_word' id='word_1_13' title='bbox 2397 594 2500 655; x_wconf 91' lang='lat' dir='ltr'>est</span> <span class='ocrx_word' id='word_1_14' title='bbox 2522 628 2606 636; x_wconf 89' lang='lat'>-—</span> <span class='ocrx_word' id='word_1_15' title='bbox 2631 594 2896 670; x_wconf 84' lang='lat' dir='ltr'>praeter</span> <span class='ocrx_word' id='word_1_16' title='bbox 2919 609 3063 655; x_wconf 88' lang='lat' dir='ltr'>eam</span> 
     </span>
     <span class='ocr_line' id='line_1_3' title="bbox 696 691 3063 776; baseline -0.002 -14"><span class='ocrx_word' id='word_1_17' title='bbox 696 699 865 763; x_wconf 86' lang='lat' dir='ltr'>duae</span> <span class='ocrx_word' id='word_1_18' title='bbox 911 695 1085 762; x_wconf 89' lang='lat' dir='ltr'>aliae</span> <span class='ocrx_word' id='word_1_19' title='bbox 1131 694 1495 760; x_wconf 83' lang='lat' dir='ltr'>afferuntur</span> <span class='ocrx_word' id='word_1_20' title='bbox 1533 713 1575 758; x_wconf 83' lang='lat' dir='ltr'>a</span> <span class='ocrx_word' id='word_1_21' title='bbox 1602 693 1791 776; x_wconf 88' lang='lat' dir='ltr'>Lydo</span> <span class='ocrx_word' id='word_1_22' title='bbox 1816 731 1897 740; x_wconf 95' lang='lat'>—-</span> <span class='ocrx_word' id='word_1_23' title='bbox 1922 694 2043 758; x_wconf 85' lang='lat' dir='ltr'>hoc</span> <span class='ocrx_word' id='word_1_24' title='bbox 2071 712 2200 757; x_wconf 91' lang='lat' dir='ltr'>non</span> <span class='ocrx_word' id='word_1_25' title='bbox 2245 692 2641 758; x_wconf 88' lang='lat' dir='ltr'>sacrificium</span> <span class='ocrx_word' id='word_1_26' title='bbox 2685 691 3063 773; x_wconf 85' lang='lat' dir='ltr'>religiosum</span> 
     </span>
     <span class='ocr_line' id='line_1_4' title="bbox 699 794 3066 864; baseline -0.001 -1"><span class='ocrx_word' id='word_1_27' title='bbox 699 803 850 864; x_wconf 83' lang='lat' dir='ltr'>erat</span> <span class='ocrx_word' id='word_1_28' title='bbox 927 800 1048 864; x_wconf 90' lang='lat' dir='ltr'>sed</span> <span class='ocrx_word' id='word_1_29' title='bbox 1113 799 1349 863; x_wconf 86' lang='lat' dir='ltr'>caedes</span> <span class='ocrx_word' id='word_1_30' title='bbox 1425 795 1804 864; x_wconf 83' lang='lat' dir='ltr'>voluntaria</span> <span class='ocrx_word' id='word_1_31' title='bbox 1877 795 2249 861; x_wconf 89' lang='lat' dir='ltr'>hominibus</span> <span class='ocrx_word' id='word_1_32' title='bbox 2308 794 2647 860; x_wconf 86' lang='lat' dir='ltr'>salutaris.</span> <span class='ocrx_word' id='word_1_33' title='bbox 2749 794 3066 861; x_wconf 87' lang='lat' dir='ltr'>Eiusdem</span> 
     </span>
     <span class='ocr_line' id='line_1_5' title="bbox 696 896 3064 983; baseline -0.002 -15"><span class='ocrx_word' id='word_1_34' title='bbox 696 902 960 983; x_wconf 81' lang='lat' dir='ltr'>generis</span> <span class='ocrx_word' id='word_1_35' title='bbox 1004 901 1210 966; x_wconf 84' lang='lat' dir='ltr'>fuisse</span> <span class='ocrx_word' id='word_1_36' title='bbox 1255 900 1539 965; x_wconf 84' lang='lat' dir='ltr'>fortasse</span> <span class='ocrx_word' id='word_1_37' title='bbox 1593 918 1630 965; x_wconf 92' lang='lat' dir='ltr'>e</span> <span class='ocrx_word' id='word_1_38' title='bbox 1690 898 1951 964; x_wconf 90' lang='lat' dir='ltr'>nomine</span> <span class='ocrx_word' id='word_1_39' title='bbox 2009 899 2392 963; x_wconf 82' lang='lat' dir='ltr'>concludere</span> <span class='ocrx_word' id='word_1_40' title='bbox 2457 897 2617 963; x_wconf 88' lang='lat' dir='ltr'>licet</span> <span class='ocrx_word' id='word_1_41' title='bbox 2662 896 3064 979; x_wconf 81' lang='lat' dir='ltr'>Argivorum</span> 
     </span>
     <span class='ocr_line' id='line_1_6' title="bbox 696 995 3064 1086; baseline -0.003 -17"><span class='ocrx_word' id='word_1_42' title='bbox 696 1002 1105 1086; x_wconf 78' lang='lat' dir='ltr'>canicidium,</span> <span class='ocrx_word' id='word_1_43' title='bbox 1152 1004 1392 1069; x_wconf 79' lang='lat' dir='ltr'>Athen.</span> <span class='ocrx_word' id='word_1_44' title='bbox 1422 1003 1529 1068; x_wconf 94' lang='lat' dir='ltr'>III</span> <span class='ocrx_word' id='word_1_45' title='bbox 1559 1021 1707 1084; x_wconf 85' lang='lat' dir='ltr'>pag.</span> <span class='ocrx_word' id='word_1_46' title='bbox 1739 1002 1900 1066; x_wconf 74' lang='lat'><strong>991⁴]</strong></span> <span class='ocrx_word' id='word_1_47' title='bbox 1924 1003 2003 1085; x_wconf 73' lang='grc' dir='ltr'>1)ῑ;</span> <span class='ocrx_word' id='word_1_48' title='bbox 2049 999 2188 1064; x_wconf 79' lang='grc' dir='ltr'><strong><em>τινὰ</em></strong></span> <span class='ocrx_word' id='word_1_49' title='bbox 2217 999 2614 1085; x_wconf 80' lang='grc' dir='ltr'><strong><em>Κυνοφόντιν</em></strong></span> <span class='ocrx_word' id='word_1_50' title='bbox 2657 995 2874 1084; x_wconf 79' lang='grc' dir='ltr'><strong><em>ἑορτὴν</em></strong></span> <span class='ocrx_word' id='word_1_51' title='bbox 2916 1020 3064 1063; x_wconf 81' lang='grc' dir='ltr'><strong><em>ποι-</em></strong></span> 
     </span>
     <span class='ocr_line' id='line_1_7' title="bbox 694 1102 2441 1192; baseline 0 -23"><span class='ocrx_word' id='word_1_52' title='bbox 694 1108 1010 1192; x_wconf 73' lang='grc' dir='ltr'><em>ησώμεθα</em></span> <span class='ocrx_word' id='word_1_53' title='bbox 1055 1104 1195 1168; x_wconf 83' lang='grc' dir='ltr'><strong><em>ἀντὶ</em></strong></span> <span class='ocrx_word' id='word_1_54' title='bbox 1238 1115 1348 1189; x_wconf 81' lang='grc' dir='ltr'>τῆς</span> <span class='ocrx_word' id='word_1_55' title='bbox 1391 1103 1552 1187; x_wconf 76' lang='grc' dir='ltr'><strong><em>παρ’</em></strong></span> <span class='ocrx_word' id='word_1_56' title='bbox 1590 1103 1895 1186; x_wconf 78' lang='grc' dir='ltr'><em>Ἀργείοις</em></span> <span class='ocrx_word' id='word_1_57' title='bbox 1939 1102 2441 1187; x_wconf 75' lang='grc' dir='ltr'><strong><em>ἐπιτελουμένης.</em></strong></span> 
     </span>
    </p>

    <p class='ocr_par' dir='ltr' id='par_1_3' title="bbox 694 1205 3068 2730">
     <span class='ocr_line' id='line_1_8' title="bbox 867 1205 3068 1289; baseline -0.002 -14"><span class='ocrx_word' id='word_1_58' title='bbox 867 1210 967 1275; x_wconf 90' lang='lat' dir='ltr'>De</span> <span class='ocrx_word' id='word_1_59' title='bbox 1012 1210 1152 1275; x_wconf 91' lang='lat' dir='ltr'>loco</span> <span class='ocrx_word' id='word_1_60' title='bbox 1198 1209 1269 1273; x_wconf 89' lang='lat' dir='ltr'>in</span> <span class='ocrx_word' id='word_1_61' title='bbox 1297 1228 1420 1288; x_wconf 90' lang='lat' dir='ltr'>quo</span> <span class='ocrx_word' id='word_1_62' title='bbox 1467 1208 1816 1289; x_wconf 87' lang='lat' dir='ltr'>augurium</span> <span class='ocrx_word' id='word_1_63' title='bbox 1848 1207 2182 1272; x_wconf 87' lang='lat' dir='ltr'>canarium</span> <span class='ocrx_word' id='word_1_64' title='bbox 2229 1208 2569 1289; x_wconf 77' lang='lat' dir='ltr'><strong>agebatur,</strong></span> <span class='ocrx_word' id='word_1_65' title='bbox 2618 1205 2783 1271; x_wconf 89' lang='lat' dir='ltr'>dicit</span> <span class='ocrx_word' id='word_1_66' title='bbox 2813 1206 3068 1271; x_wconf 78' lang='lat' dir='ltr'>Paulus</span> 
     </span>
     <span class='ocr_line' id='line_1_9' title="bbox 696 1308 3066 1392; baseline -0.003 -15"><span class='ocrx_word' id='word_1_67' title='bbox 696 1331 778 1377; x_wconf 87' lang='lat' dir='ltr'>ex</span> <span class='ocrx_word' id='word_1_68' title='bbox 822 1312 1023 1377; x_wconf 86' lang='lat' dir='ltr'>Festo</span> <span class='ocrx_word' id='word_1_69' title='bbox 1070 1332 1128 1392; x_wconf 90' lang='lat' dir='ltr'>p.</span> <span class='ocrx_word' id='word_1_70' title='bbox 1173 1314 1258 1377; x_wconf 83' lang='lat'>45</span> <span class='ocrx_word' id='word_1_71' title='bbox 1275 1312 1392 1375; x_wconf 89' lang='lat' dir='ltr'>M.:</span> <span class='ocrx_word' id='word_1_72' title='bbox 1436 1310 1766 1375; x_wconf 77' lang='lat' dir='ltr'>Catularia</span> <span class='ocrx_word' id='word_1_73' title='bbox 1818 1314 2003 1390; x_wconf 76' lang='lat' dir='ltr'>porta</span> <span class='ocrx_word' id='word_1_74' title='bbox 2046 1308 2281 1372; x_wconf 81' lang='lat' dir='ltr'>Romae</span> <span class='ocrx_word' id='word_1_75' title='bbox 2338 1309 2505 1372; x_wconf 82' lang='lat' dir='ltr'>dicta</span> <span class='ocrx_word' id='word_1_76' title='bbox 2563 1314 2669 1385; x_wconf 82' lang='lat' dir='ltr'>est,</span> <span class='ocrx_word' id='word_1_77' title='bbox 2728 1309 2878 1389; x_wconf 78' lang='lat' dir='ltr'>quia</span> <span class='ocrx_word' id='word_1_78' title='bbox 2936 1327 3066 1372; x_wconf 73' lang='lat' dir='ltr'>non</span> 
     </span>
     <span class='ocr_line' id='line_1_10' title="bbox 697 1410 3067 1495; baseline -0.002 -18"><span class='ocrx_word' id='word_1_79' title='bbox 697 1416 875 1495; x_wconf 73' lang='lat' dir='ltr'>lonye</span> <span class='ocrx_word' id='word_1_80' title='bbox 902 1413 980 1476; x_wconf 83' lang='lat' dir='ltr'>ab</span> <span class='ocrx_word' id='word_1_81' title='bbox 1002 1434 1073 1476; x_wconf 82' lang='lat' dir='ltr'>ea</span> <span class='ocrx_word' id='word_1_82' title='bbox 1102 1414 1188 1476; x_wconf 84' lang='lat' dir='ltr'>ad</span> <span class='ocrx_word' id='word_1_83' title='bbox 1220 1412 1607 1494; x_wconf 77' lang='lat' dir='ltr'>placandum</span> <span class='ocrx_word' id='word_1_84' title='bbox 1635 1413 1957 1475; x_wconf 78' lang='lat' dir='ltr'><em>caniculae</em></span> <span class='ocrx_word' id='word_1_85' title='bbox 1983 1410 2162 1475; x_wconf 69' lang='lat' dir='ltr'>sidus</span> <span class='ocrx_word' id='word_1_86' title='bbox 2186 1411 2483 1493; x_wconf 73' lang='lat' dir='ltr'>fruyibus</span> <span class='ocrx_word' id='word_1_87' title='bbox 2510 1412 2837 1474; x_wconf 76' lang='lat' dir='ltr'>inimicum</span> <span class='ocrx_word' id='word_1_88' title='bbox 2874 1411 3067 1491; x_wconf 77' lang='lat' dir='ltr'>rufae</span> 
     </span>
     <span class='ocr_line' id='line_1_11' title="bbox 696 1513 3062 1595; baseline -0.002 -16"><span class='ocrx_word' id='word_1_89' title='bbox 696 1535 879 1579; x_wconf 79' lang='lat' dir='ltr'>canes</span> <span class='ocrx_word' id='word_1_90' title='bbox 919 1516 1423 1591; x_wconf 75' lang='lat' dir='ltr'><strong><em>immolabantur,</em></strong></span> <span class='ocrx_word' id='word_1_91' title='bbox 1470 1520 1541 1577; x_wconf 79' lang='lat' dir='ltr'>ut</span> <span class='ocrx_word' id='word_1_92' title='bbox 1580 1516 1802 1595; x_wconf 69' lang='lat' dir='ltr'>fraqe-s·</span> <span class='ocrx_word' id='word_1_93' title='bbox 1831 1515 2216 1595; x_wconf 75' lang='lat' dir='ltr'><strong><em>flavescentes</em></strong></span> <span class='ocrx_word' id='word_1_94' title='bbox 2263 1513 2348 1577; x_wconf 81' lang='lat' dir='ltr'>ad</span> <span class='ocrx_word' id='word_1_95' title='bbox 2391 1515 2810 1577; x_wconf 80' lang='lat' dir='ltr'><strong><em>maturitatem</em></strong></span> <span class='ocrx_word' id='word_1_96' title='bbox 2831 1513 3062 1594; x_wconf 78' lang='lat' dir='ltr'>perdu-</span> 
     </span>
     <span class='ocr_line' id='line_1_12' title="bbox 695 1617 3065 1700; baseline 0 -19"><span class='ocrx_word' id='word_1_97' title='bbox 695 1622 997 1684; x_wconf 76' lang='lat' dir='ltr'>cerentur.</span> <span class='ocrx_word' id='word_1_98' title='bbox 1098 1618 1342 1683; x_wconf 89' lang='lat' dir='ltr'>Fiebat</span> <span class='ocrx_word' id='word_1_99' title='bbox 1398 1617 1606 1700; x_wconf 88' lang='lat' dir='ltr'>igitur</span> <span class='ocrx_word' id='word_1_100' title='bbox 1664 1617 1734 1682; x_wconf 90' lang='lat' dir='ltr'>in</span> <span class='ocrx_word' id='word_1_101' title='bbox 1795 1618 1944 1698; x_wconf 87' lang='lat' dir='ltr'>ipsa</span> <span class='ocrx_word' id='word_1_102' title='bbox 2004 1619 2198 1700; x_wconf 88' lang='lat' dir='ltr'>urbe,</span> <span class='ocrx_word' id='word_1_103' title='bbox 2262 1619 2433 1697; x_wconf 86' lang='lat' dir='ltr'>quod</span> <span class='ocrx_word' id='word_1_104' title='bbox 2491 1618 2880 1682; x_wconf 90' lang='lat' dir='ltr'>monendum</span> <span class='ocrx_word' id='word_1_105' title='bbox 2940 1621 3065 1699; x_wconf 87' lang='lat' dir='ltr'>est,</span> 
     </span>
     <span class='ocr_line' id='line_1_13' title="bbox 698 1719 3063 1803; baseline -0 -18"><span class='ocrx_word' id='word_1_106' title='bbox 698 1719 856 1800; x_wconf 85' lang='lat' dir='ltr'>quia</span> <span class='ocrx_word' id='word_1_107' title='bbox 897 1739 1042 1785; x_wconf 90' lang='lat' dir='ltr'>cum</span> <span class='ocrx_word' id='word_1_108' title='bbox 1088 1721 1210 1785; x_wconf 93' lang='lat' dir='ltr'>hoc</span> <span class='ocrx_word' id='word_1_109' title='bbox 1252 1719 1527 1803; x_wconf 83' lang='lat' dir='ltr'>augurio</span> <span class='ocrx_word' id='word_1_110' title='bbox 1566 1720 1834 1801; x_wconf 89' lang='lat' dir='ltr'>saepius</span> <span class='ocrx_word' id='word_1_111' title='bbox 1866 1719 2302 1785; x_wconf 88' lang='lat' dir='ltr'>confuderunt</span> <span class='ocrx_word' id='word_1_112' title='bbox 2334 1719 2726 1785; x_wconf 84' lang='lat' dir='ltr'>sacrificium</span> <span class='ocrx_word' id='word_1_113' title='bbox 2757 1719 3063 1784; x_wconf 87' lang='lat' dir='ltr'>caninum</span> 
     </span>
     <span class='ocr_line' id='line_1_14' title="bbox 694 1821 3064 1906; baseline -0 -18"><span class='ocrx_word' id='word_1_114' title='bbox 694 1822 948 1906; x_wconf 85' lang='lat' dir='ltr'>Robigo</span> <span class='ocrx_word' id='word_1_115' title='bbox 993 1825 1158 1889; x_wconf 89' lang='lat' dir='ltr'>deae</span> <span class='ocrx_word' id='word_1_116' title='bbox 1202 1823 1515 1905; x_wconf 88' lang='lat' dir='ltr'>oblatum,</span> <span class='ocrx_word' id='word_1_117' title='bbox 1560 1842 1957 1903; x_wconf 84' lang='lat' dir='ltr'>quamquam</span> <span class='ocrx_word' id='word_1_118' title='bbox 2001 1823 2068 1887; x_wconf 90' lang='lat' dir='ltr'>id</span> <span class='ocrx_word' id='word_1_119' title='bbox 2113 1822 2223 1888; x_wconf 81' lang='lat' dir='ltr'>via</span> <span class='ocrx_word' id='word_1_120' title='bbox 2254 1822 2531 1888; x_wconf 85' lang='lat' dir='ltr'>Claudia</span> <span class='ocrx_word' id='word_1_121' title='bbox 2575 1824 2662 1887; x_wconf 88' lang='lat' dir='ltr'>ad</span> <span class='ocrx_word' id='word_1_122' title='bbox 2706 1821 3064 1887; x_wconf 84' lang='lat' dir='ltr'>miliarium</span> 
     </span>
     <span class='ocr_line' id='line_1_15' title="bbox 697 1925 3063 2006; baseline -0 -15"><span class='ocrx_word' id='word_1_123' title='bbox 697 1926 993 2005; x_wconf 83' lang='lat' dir='ltr'>quintum</span> <span class='ocrx_word' id='word_1_124' title='bbox 1038 1926 1263 1992; x_wconf 88' lang='lat' dir='ltr'>fiebat.</span> <span class='ocrx_word' id='word_1_125' title='bbox 1349 1926 1633 1992; x_wconf 78' lang='lat' dir='ltr'>Accedit</span> <span class='ocrx_word' id='word_1_126' title='bbox 1677 1928 1848 2006; x_wconf 89' lang='lat' dir='ltr'>quod</span> <span class='ocrx_word' id='word_1_127' title='bbox 1888 1925 2096 1991; x_wconf 86' lang='lat' dir='ltr'>feriae</span> <span class='ocrx_word' id='word_1_128' title='bbox 2143 1930 2337 1990; x_wconf 87' lang='lat' dir='ltr'>erant</span> <span class='ocrx_word' id='word_1_129' title='bbox 2379 1925 2672 1991; x_wconf 81' lang='lat' dir='ltr'>stativae</span> <span class='ocrx_word' id='word_1_130' title='bbox 2715 1944 2771 1990; x_wconf 89' lang='lat' dir='ltr'>a.</span> <span class='ocrx_word' id='word_1_131' title='bbox 2819 1927 2880 1990; x_wconf 87' lang='lat' dir='ltr'>d.</span> <span class='ocrx_word' id='word_1_132' title='bbox 2909 1925 3063 1990; x_wconf 90' lang='lat' dir='ltr'>VII.</span> 
     </span>
     <span class='ocr_line' id='line_1_16' title="bbox 695 2027 3066 2113; baseline -0.001 -20"><span class='ocrx_word' id='word_1_133' title='bbox 695 2028 845 2094; x_wconf 89' lang='lat' dir='ltr'>Kal.</span> <span class='ocrx_word' id='word_1_134' title='bbox 906 2028 1056 2094; x_wconf 89' lang='lat' dir='ltr'>Mai.</span> <span class='ocrx_word' id='word_1_135' title='bbox 1118 2029 1285 2113; x_wconf 87' lang='lat' dir='ltr'>(CIL</span> <span class='ocrx_word' id='word_1_136' title='bbox 1345 2029 1427 2093; x_wconf 75' lang='lat'>1⁹</span> <span class='ocrx_word' id='word_1_137' title='bbox 1484 2048 1636 2111; x_wconf 85' lang='lat' dir='ltr'>pag.</span> <span class='ocrx_word' id='word_1_138' title='bbox 1681 2030 1852 2111; x_wconf 87' lang='lat'>316).</span> <span class='ocrx_word' id='word_1_139' title='bbox 1953 2029 2180 2109; x_wconf 89' lang='lat' dir='ltr'><strong>Neque</strong></span> <span class='ocrx_word' id='word_1_140' title='bbox 2239 2027 2506 2109; x_wconf 87' lang='lat' dir='ltr'>mirum,</span> <span class='ocrx_word' id='word_1_141' title='bbox 2573 2029 2748 2110; x_wconf 90' lang='lat' dir='ltr'>quod</span> <span class='ocrx_word' id='word_1_142' title='bbox 2805 2027 3066 2109; x_wconf 85' lang='lat' dir='ltr'>Robigo</span> 
     </span>
     <span class='ocr_line' id='line_1_17' title="bbox 696 2130 3065 2211; baseline -0.001 -15"><span class='ocrx_word' id='word_1_143' title='bbox 696 2150 950 2211; x_wconf 89' lang='lat' dir='ltr'>quoque</span> <span class='ocrx_word' id='word_1_144' title='bbox 986 2150 1184 2196; x_wconf 85' lang='lat' dir='ltr'>canes</span> <span class='ocrx_word' id='word_1_145' title='bbox 1213 2131 1751 2196; x_wconf 78' lang='lat' dir='ltr'>immolabantur:</span> <span class='ocrx_word' id='word_1_146' title='bbox 1791 2131 2182 2196; x_wconf 84' lang='lat' dir='ltr'>sacrificium</span> <span class='ocrx_word' id='word_1_147' title='bbox 2208 2130 2378 2195; x_wconf 91' lang='lat' dir='ltr'>enim</span> <span class='ocrx_word' id='word_1_148' title='bbox 2411 2135 2513 2196; x_wconf 86' lang='lat' dir='ltr'>est</span> <span class='ocrx_word' id='word_1_149' title='bbox 2543 2133 2718 2211; x_wconf 84' lang='lat' dir='ltr'>apud</span> <span class='ocrx_word' id='word_1_150' title='bbox 2740 2130 3065 2196; x_wconf 87' lang='lat' dir='ltr'>Italorum</span> 
     </span>
     <span class='ocr_line' id='line_1_18' title="bbox 695 2233 3065 2318; baseline 0 -21"><span class='ocrx_word' id='word_1_151' title='bbox 695 2233 976 2300; x_wconf 87' lang='lat' dir='ltr'>rusticos</span> <span class='ocrx_word' id='word_1_152' title='bbox 1033 2234 1394 2315; x_wconf 86' lang='lat' dir='ltr'>vulgatum,</span> <span class='ocrx_word' id='word_1_153' title='bbox 1416 2233 1465 2318; x_wconf 80' lang='lat'>²)</span> <span class='ocrx_word' id='word_1_154' title='bbox 1525 2234 1639 2313; x_wconf 88' lang='lat' dir='ltr'>qui</span> <span class='ocrx_word' id='word_1_155' title='bbox 1697 2253 1828 2298; x_wconf 88' lang='lat' dir='ltr'>non</span> <span class='ocrx_word' id='word_1_156' title='bbox 1887 2233 2047 2298; x_wconf 88' lang='lat' dir='ltr'>Sirii</span> <span class='ocrx_word' id='word_1_157' title='bbox 2107 2234 2344 2299; x_wconf 88' lang='lat' dir='ltr'>solum·</span> <span class='ocrx_word' id='word_1_158' title='bbox 2387 2235 2765 2299; x_wconf 89' lang='lat' dir='ltr'>daemonem</span> <span class='ocrx_word' id='word_1_159' title='bbox 2843 2233 3065 2314; x_wconf 82' lang='lat' dir='ltr'>specie</span> 
     </span>
     <span class='ocr_line' id='line_1_19' title="bbox 696 2335 3061 2419; baseline 0.001 -19"><span class='ocrx_word' id='word_1_160' title='bbox 696 2335 933 2401; x_wconf 89' lang='lat' dir='ltr'>canina</span> <span class='ocrx_word' id='word_1_161' title='bbox 974 2342 1330 2419; x_wconf 87' lang='lat' dir='ltr'>vagantem</span> <span class='ocrx_word' id='word_1_162' title='bbox 1377 2336 1837 2418; x_wconf 79' lang='lat' dir='ltr'>cogitaverint.</span> <span class='ocrx_word' id='word_1_163' title='bbox 1925 2336 2152 2416; x_wconf 88' lang='lat' dir='ltr'>Neque</span> <span class='ocrx_word' id='word_1_164' title='bbox 2190 2336 2446 2402; x_wconf 88' lang='lat' dir='ltr'>omnino</span> <span class='ocrx_word' id='word_1_165' title='bbox 2491 2336 2562 2401; x_wconf 91' lang='lat' dir='ltr'>in</span> <span class='ocrx_word' id='word_1_166' title='bbox 2590 2335 2833 2418; x_wconf 86' lang='lat' dir='ltr'>Robigi</span> <span class='ocrx_word' id='word_1_167' title='bbox 2873 2355 3061 2402; x_wconf 82' lang='lat' dir='ltr'>sacro</span> 
     </span>
     <span class='ocr_line' id='line_1_20' title="bbox 697 2438 3064 2522; baseline 0 -19"><span class='ocrx_word' id='word_1_168' title='bbox 697 2456 1157 2522; x_wconf 86' lang='lat' dir='ltr'>commorarer,</span> <span class='ocrx_word' id='word_1_169' title='bbox 1234 2439 1362 2504; x_wconf 89' lang='lat' dir='ltr'>nisi</span> <span class='ocrx_word' id='word_1_170' title='bbox 1430 2439 1559 2503; x_wconf 87' lang='lat' dir='ltr'>iam</span> <span class='ocrx_word' id='word_1_171' title='bbox 1620 2438 1895 2505; x_wconf 85' lang='lat' dir='ltr'>Ovidius</span> <span class='ocrx_word' id='word_1_172' title='bbox 1961 2439 2030 2504; x_wconf 88' lang='lat' dir='ltr'>id</span> <span class='ocrx_word' id='word_1_173' title='bbox 2099 2441 2184 2504; x_wconf 91' lang='lat' dir='ltr'>ad</span> <span class='ocrx_word' id='word_1_174' title='bbox 2242 2439 2606 2505; x_wconf 83' lang='lat' dir='ltr'>caniculam</span> <span class='ocrx_word' id='word_1_175' title='bbox 2667 2438 3064 2504; x_wconf 75' lang='lat' dir='ltr'>rettulisset.</span> 
     </span>
     <span class='ocr_line' id='line_1_21' title="bbox 697 2542 3062 2626; baseline 0.001 -22"><span class='ocrx_word' id='word_1_176' title='bbox 697 2542 976 2608; x_wconf 74' lang='lat' dir='ltr'>Causam</span> <span class='ocrx_word' id='word_1_177' title='bbox 1015 2542 1204 2626; x_wconf 85' lang='lat' dir='ltr'>enim,</span> <span class='ocrx_word' id='word_1_178' title='bbox 1250 2562 1366 2610; x_wconf 87' lang='lat' dir='ltr'>cur</span> <span class='ocrx_word' id='word_1_179' title='bbox 1402 2548 1684 2609; x_wconf 86' lang='lat' dir='ltr'>exeunte</span> <span class='ocrx_word' id='word_1_180' title='bbox 1715 2542 1939 2624; x_wconf 44' lang='lat' dir='ltr'>Aprili,</span> <span class='ocrx_word' id='word_1_181' title='bbox 1977 2562 2196 2608; x_wconf 89' lang='lat' dir='ltr'>mense</span> <span class='ocrx_word' id='word_1_182' title='bbox 2241 2542 2424 2608; x_wconf 88' lang='lat' dir='ltr'>canis</span> <span class='ocrx_word' id='word_1_183' title='bbox 2456 2542 2844 2626; x_wconf 84' lang='lat' dir='ltr'>immoletur,</span> <span class='ocrx_word' id='word_1_184' title='bbox 2889 2545 3062 2608; x_wconf 84' lang='lat' dir='ltr'>hanc</span> 
     </span>
     <span class='ocr_line' id='line_1_22' title="bbox 696 2645 2440 2730; baseline -0.001 -19"><span class='ocrx_word' id='word_1_185' title='bbox 696 2649 931 2725; x_wconf 89' lang='lat' dir='ltr'>poetae</span> <span class='ocrx_word' id='word_1_186' title='bbox 976 2645 1195 2711; x_wconf 84' lang='lat' dir='ltr'>reddit</span> <span class='ocrx_word' id='word_1_187' title='bbox 1237 2645 1480 2728; x_wconf 89' lang='lat' dir='ltr'>Robigi</span> <span class='ocrx_word' id='word_1_188' title='bbox 1525 2647 1829 2711; x_wconf 85' lang='lat' dir='ltr'>sacerdos</span> <span class='ocrx_word' id='word_1_189' title='bbox 1875 2645 2085 2730; x_wconf 87' lang='lat' dir='ltr'>(Fast.</span> <span class='ocrx_word' id='word_1_190' title='bbox 2127 2646 2222 2711; x_wconf 91' lang='lat' dir='ltr'>IV</span> <span class='ocrx_word' id='word_1_191' title='bbox 2256 2647 2440 2729; x_wconf 86' lang='lat'>939):</span> 
     </span>
    </p>
   </div>
   <div class='ocr_carea' id='block_1_3' title="bbox 1043 2766 2673 3053">
    <p class='ocr_par' dir='ltr' id='par_1_4' title="bbox 1043 2766 2673 3053">
     <span class='ocr_line' id='line_1_23' title="bbox 1049 2766 2668 2849; baseline 0.001 -19"><span class='ocrx_word' id='word_1_192' title='bbox 1049 2771 1148 2831; x_wconf 90' lang='lat' dir='ltr'>est</span> <span class='ocrx_word' id='word_1_193' title='bbox 1195 2766 1393 2848; x_wconf 83' lang='lat' dir='ltr'>caniS,</span> <span class='ocrx_word' id='word_1_194' title='bbox 1440 2766 1724 2831; x_wconf 89' lang='lat' dir='ltr'>Icarium</span> <span class='ocrx_word' id='word_1_195' title='bbox 1771 2766 2016 2849; x_wconf 88' lang='lat' dir='ltr'>dicunt,</span> <span class='ocrx_word' id='word_1_196' title='bbox 2062 2786 2188 2847; x_wconf 91' lang='lat' dir='ltr'>quo</span> <span class='ocrx_word' id='word_1_197' title='bbox 2233 2767 2449 2832; x_wconf 86' lang='lat' dir='ltr'>sidere</span> <span class='ocrx_word' id='word_1_198' title='bbox 2494 2771 2668 2831; x_wconf 91' lang='lat' dir='ltr'>moto</span> 
     </span>
     <span class='ocr_line' id='line_1_24' title="bbox 1134 2869 2607 2952; baseline 0.001 -19"><span class='ocrx_word' id='word_1_199' title='bbox 1134 2874 1317 2935; x_wconf 90' lang='lat' dir='ltr'>tosta</span> <span class='ocrx_word' id='word_1_200' title='bbox 1360 2870 1508 2934; x_wconf 87' lang='lat' dir='ltr'>sitit</span> <span class='ocrx_word' id='word_1_201' title='bbox 1552 2870 1766 2952; x_wconf 80' lang='lat' dir='ltr'>tellus,</span> <span class='ocrx_word' id='word_1_202' title='bbox 1813 2869 2352 2951; x_wconf 87' lang='lat' dir='ltr'>praecipiturque</span> <span class='ocrx_word' id='word_1_203' title='bbox 2397 2888 2607 2952; x_wconf 78' lang='lat' dir='ltr'>seges,</span> 
     </span>
     <span class='ocr_line' id='line_1_25' title="bbox 1043 2972 2673 3053; baseline 0.001 -17"><span class='ocrx_word' id='word_1_204' title='bbox 1043 2991 1158 3053; x_wconf 88' lang='lat' dir='ltr'>pro</span> <span class='ocrx_word' id='word_1_205' title='bbox 1205 2991 1367 3038; x_wconf 88' lang='lat' dir='ltr'>cane</span> <span class='ocrx_word' id='word_1_206' title='bbox 1413 2973 1667 3038; x_wconf 88' lang='lat' dir='ltr'>sidereo</span> <span class='ocrx_word' id='word_1_207' title='bbox 1714 2973 1897 3038; x_wconf 86' lang='lat' dir='ltr'>canis</span> <span class='ocrx_word' id='word_1_208' title='bbox 1943 2973 2053 3038; x_wconf 89' lang='lat' dir='ltr'>hic</span> <span class='ocrx_word' id='word_1_209' title='bbox 2095 2972 2458 3053; x_wconf 90' lang='lat' dir='ltr'>imponitur</span> <span class='ocrx_word' id='word_1_210' title='bbox 2501 2991 2673 3037; x_wconf 86' lang='lat' dir='ltr'>arae.</span> 
     </span>
    </p>
   </div>
   <div class='ocr_carea' id='block_1_4' title="bbox 690 3092 3058 4002">
    <p class='ocr_par' dir='ltr' id='par_1_5' title="bbox 690 3092 3058 3789">
     <span class='ocr_line' id='line_1_26' title="bbox 864 3092 3058 3174; baseline 0.001 -19"><span class='ocrx_word' id='word_1_211' title='bbox 864 3092 993 3156; x_wconf 86' lang='lat' dir='ltr'>Sed</span> <span class='ocrx_word' id='word_1_212' title='bbox 1039 3093 1206 3156; x_wconf 89' lang='lat' dir='ltr'>haec</span> <span class='ocrx_word' id='word_1_213' title='bbox 1252 3093 1337 3157; x_wconf 89' lang='lat' dir='ltr'>ab</span> <span class='ocrx_word' id='word_1_214' title='bbox 1384 3093 1525 3172; x_wconf 89' lang='lat' dir='ltr'>ipso</span> <span class='ocrx_word' id='word_1_215' title='bbox 1572 3092 1806 3159; x_wconf 88' lang='lat' dir='ltr'>Ovidio</span> <span class='ocrx_word' id='word_1_216' title='bbox 1854 3093 2008 3158; x_wconf 90' lang='lat' dir='ltr'>addi</span> <span class='ocrx_word' id='word_1_217' title='bbox 2052 3112 2172 3174; x_wconf 90' lang='lat' dir='ltr'>per</span> <span class='ocrx_word' id='word_1_218' title='bbox 2216 3112 2288 3159; x_wconf 91' lang='lat' dir='ltr'>se</span> <span class='ocrx_word' id='word_1_219' title='bbox 2333 3097 2552 3174; x_wconf 85' lang='lat' dir='ltr'>patet3</span> <span class='ocrx_word' id='word_1_220' title='bbox 2612 3111 2822 3172; x_wconf 88' lang='lat' dir='ltr'>neque</span> <span class='ocrx_word' id='word_1_221' title='bbox 2886 3092 3058 3158; x_wconf 91' lang='lat' dir='ltr'>enim</span> 
     </span>
     <span class='ocr_line' id='line_1_27' title="bbox 694 3192 3057 3277; baseline 0.002 -20"><span class='ocrx_word' id='word_1_222' title='bbox 694 3194 855 3257; x_wconf 87' lang='lat' dir='ltr'>deae</span> <span class='ocrx_word' id='word_1_223' title='bbox 913 3192 1190 3257; x_wconf 87' lang='lat' dir='ltr'>Italicae</span> <span class='ocrx_word' id='word_1_224' title='bbox 1251 3195 1556 3258; x_wconf 88' lang='lat' dir='ltr'>sacerdos</span> <span class='ocrx_word' id='word_1_225' title='bbox 1623 3195 1760 3259; x_wconf 90' lang='lat' dir='ltr'>suis</span> <span class='ocrx_word' id='word_1_226' title='bbox 1831 3194 2041 3260; x_wconf 89' lang='lat' dir='ltr'>sacris</span> <span class='ocrx_word' id='word_1_227' title='bbox 2101 3195 2498 3261; x_wconf 81' lang='lat' dir='ltr'>Graecorum</span> <span class='ocrx_word' id='word_1_228' title='bbox 2559 3193 2737 3257; x_wconf 76' lang='grc' dir='ltr'><strong><em>αἴτια</em></strong></span> <span class='ocrx_word' id='word_1_229' title='bbox 2804 3196 3057 3277; x_wconf 90' lang='lat' dir='ltr'>fingere</span> 
     </span>
     <span class='ocr_line' id='line_1_28' title="bbox 691 3295 3058 3378; baseline 0.002 -19"><span class='ocrx_word' id='word_1_230' title='bbox 691 3299 971 3375; x_wconf 89' lang='lat' dir='ltr'>poterat.</span> <span class='ocrx_word' id='word_1_231' title='bbox 1059 3295 1339 3362; x_wconf 87' lang='lat' dir='ltr'>Erravit</span> <span class='ocrx_word' id='word_1_232' title='bbox 1400 3303 1619 3362; x_wconf 86' lang='lat' dir='ltr'>autem</span> <span class='ocrx_word' id='word_1_233' title='bbox 1666 3297 1958 3378; x_wconf 78' lang='lat' dir='ltr'>OvidiuS‚</span> <span class='ocrx_word' id='word_1_234' title='bbox 2019 3300 2168 3364; x_wconf 89' lang='lat' dir='ltr'>dum</span> <span class='ocrx_word' id='word_1_235' title='bbox 2230 3298 2622 3364; x_wconf 89' lang='lat' dir='ltr'>sacrificium</span> <span class='ocrx_word' id='word_1_236' title='bbox 2684 3301 2770 3363; x_wconf 87' lang='lat' dir='ltr'>ad</span> <span class='ocrx_word' id='word_1_237' title='bbox 2815 3297 3058 3364; x_wconf 85' lang='lat' dir='ltr'>Sirium</span> 
     </span>
     <span class='ocr_line' id='line_1_29' title="bbox 690 3396 3053 3484; baseline 0.002 -22"><span class='ocrx_word' id='word_1_238' title='bbox 690 3396 914 3480; x_wconf 84' lang='lat' dir='ltr'>refert,</span> <span class='ocrx_word' id='word_1_239' title='bbox 947 3416 1138 3478; x_wconf 90' lang='lat' dir='ltr'>quem</span> <span class='ocrx_word' id='word_1_240' title='bbox 1170 3403 1307 3463; x_wconf 88' lang='lat' dir='ltr'>tum</span> <span class='ocrx_word' id='word_1_241' title='bbox 1347 3399 1504 3464; x_wconf 90' lang='lat' dir='ltr'>oriri</span> <span class='ocrx_word' id='word_1_242' title='bbox 1535 3402 1822 3480; x_wconf 87' lang='lat' dir='ltr'>putabat</span> <span class='ocrx_word' id='word_1_243' title='bbox 1858 3400 2067 3484; x_wconf 87' lang='lat' dir='ltr'>(Fast.</span> <span class='ocrx_word' id='word_1_244' title='bbox 2099 3401 2195 3465; x_wconf 92' lang='lat' dir='ltr'>IV</span> <span class='ocrx_word' id='word_1_245' title='bbox 2223 3401 2350 3467; x_wconf 88' lang='grc'>904</span> <span class='ocrx_word' id='word_1_246' title='bbox 2386 3403 2780 3482; x_wconf 77' lang='lat' dir='ltr'>exoriturque</span> <span class='ocrx_word' id='word_1_247' title='bbox 2822 3402 3053 3483; x_wconf 81' lang='lat' dir='ltr'>cam‘s):</span> 
     </span>
     <span class='ocr_line' id='line_1_30' title="bbox 691 3499 3057 3585; baseline 0.003 -22"><span class='ocrx_word' id='word_1_248' title='bbox 691 3499 882 3564; x_wconf 90' lang='lat' dir='ltr'>immo</span> <span class='ocrx_word' id='word_1_249' title='bbox 926 3500 1243 3585; x_wconf 73' lang='lat' dir='ltr'>occidit,²³)</span> <span class='ocrx_word' id='word_1_250' title='bbox 1288 3520 1496 3582; x_wconf 90' lang='lat' dir='ltr'>neque</span> <span class='ocrx_word' id='word_1_251' title='bbox 1542 3503 1841 3569; x_wconf 88' lang='lat' dir='ltr'>occidens</span> <span class='ocrx_word' id='word_1_252' title='bbox 1879 3505 2078 3569; x_wconf 88' lang='lat' dir='ltr'>stella</span> <span class='ocrx_word' id='word_1_253' title='bbox 2123 3523 2163 3569; x_wconf 87' lang='lat' dir='ltr'>a</span> <span class='ocrx_word' id='word_1_254' title='bbox 2194 3504 2462 3569; x_wconf 85' lang='lat' dir='ltr'>rusticis</span> <span class='ocrx_word' id='word_1_255' title='bbox 2495 3504 2888 3569; x_wconf 89' lang='lat' dir='ltr'>sacrificium</span> <span class='ocrx_word' id='word_1_256' title='bbox 2919 3504 3057 3569; x_wconf 86' lang='lat' dir='ltr'>exi-</span> 
     </span>
     <span class='ocr_line' id='line_1_31' title="bbox 690 3603 3057 3690; baseline 0.002 -22"><span class='ocrx_word' id='word_1_257' title='bbox 690 3604 909 3684; x_wconf 89' lang='lat' dir='ltr'>gebat.</span> <span class='ocrx_word' id='word_1_258' title='bbox 998 3603 1200 3669; x_wconf 89' lang='lat' dir='ltr'>Immo</span> <span class='ocrx_word' id='word_1_259' title='bbox 1246 3605 1664 3670; x_wconf 88' lang='lat' dir='ltr'>consentiunt</span> <span class='ocrx_word' id='word_1_260' title='bbox 1708 3626 1928 3672; x_wconf 90' lang='lat' dir='ltr'>omnes</span> <span class='ocrx_word' id='word_1_261' title='bbox 1972 3626 2228 3673; x_wconf 88' lang='lat' dir='ltr'>sacrum</span> <span class='ocrx_word' id='word_1_262' title='bbox 2259 3608 2514 3690; x_wconf 90' lang='lat' dir='ltr'>Robigo</span> <span class='ocrx_word' id='word_1_263' title='bbox 2559 3608 2764 3673; x_wconf 86' lang='lat' dir='ltr'>fuisse</span> <span class='ocrx_word' id='word_1_264' title='bbox 2811 3610 3057 3690; x_wconf 87' lang='lat' dir='ltr'>datum,</span> 
     </span>
     <span class='ocr_line' id='line_1_32' title="bbox 690 3706 1612 3789; baseline 0 -16"><span class='ocrx_word' id='word_1_265' title='bbox 690 3725 750 3773; x_wconf 86' lang='lat' dir='ltr'>v.</span> <span class='ocrx_word' id='word_1_266' title='bbox 797 3725 848 3771; x_wconf 90' lang='lat' dir='ltr'>c.</span> <span class='ocrx_word' id='word_1_267' title='bbox 895 3706 1134 3772; x_wconf 86' lang='lat' dir='ltr'>Colum.</span> <span class='ocrx_word' id='word_1_268' title='bbox 1181 3709 1247 3772; x_wconf 94' lang='lat' dir='ltr'><strong>X</strong></span> <span class='ocrx_word' id='word_1_269' title='bbox 1292 3709 1420 3773; x_wconf 79' lang='lat'>342</span> <span class='ocrx_word' id='word_1_270' title='bbox 1445 3728 1612 3789; x_wconf 89' lang='lat' dir='ltr'>sqq.:</span> 
     </span>
    </p>

    <p class='ocr_par' dir='ltr' id='par_1_6' title="bbox 997 3809 2701 4002">
     <span class='ocr_line' id='line_1_33' title="bbox 997 3809 2701 3894; baseline 0.004 -21"><span class='ocrx_word' id='word_1_271' title='bbox 997 3809 1151 3875; x_wconf 89' lang='lat' dir='ltr'>hinc</span> <span class='ocrx_word' id='word_1_272' title='bbox 1196 3812 1374 3877; x_wconf 88' lang='lat' dir='ltr'>mala</span> <span class='ocrx_word' id='word_1_273' title='bbox 1416 3811 1676 3894; x_wconf 89' lang='lat' dir='ltr'>Rubigo</span> <span class='ocrx_word' id='word_1_274' title='bbox 1722 3812 1972 3879; x_wconf 89' lang='lat' dir='ltr'>virides</span> <span class='ocrx_word' id='word_1_275' title='bbox 2020 3832 2102 3878; x_wconf 90' lang='lat' dir='ltr'>ne</span> <span class='ocrx_word' id='word_1_276' title='bbox 2149 3818 2400 3879; x_wconf 86' lang='lat' dir='ltr'>torreat</span> <span class='ocrx_word' id='word_1_277' title='bbox 2444 3814 2701 3894; x_wconf 80' lang='lat' dir='ltr'>herbaS‚</span> 
     </span>
     <span class='ocr_line' id='line_1_34' title="bbox 997 3914 2689 4002; baseline 0.003 -25"><span class='ocrx_word' id='word_1_278' title='bbox 997 3914 1318 3996; x_wconf 87' lang='lat' dir='ltr'>sanguine</span> <span class='ocrx_word' id='word_1_279' title='bbox 1361 3915 1674 3981; x_wconf 88' lang='lat' dir='ltr'>lactentis</span> <span class='ocrx_word' id='word_1_280' title='bbox 1720 3917 1928 3981; x_wconf 90' lang='lat' dir='ltr'>catuli</span> <span class='ocrx_word' id='word_1_281' title='bbox 1972 3917 2279 3998; x_wconf 89' lang='lat' dir='ltr'>placatur</span> <span class='ocrx_word' id='word_1_282' title='bbox 2324 3923 2393 3982; x_wconf 90' lang='lat' dir='ltr'>et</span> <span class='ocrx_word' id='word_1_283' title='bbox 2441 3917 2689 4002; x_wconf 73' lang='lat' dir='ltr'>extis.⁴)</span> 
     </span>
    </p>
   </div>
   <div class='ocr_carea' id='block_1_5' title="bbox 836 4035 1098 4041">
    <p class='ocr_par' dir='ltr' id='par_1_7' title="bbox 836 4035 1098 4041">
     <span class='ocr_line' id='line_1_35' title="bbox 836 4035 1098 4041; baseline 0 0"><span class='ocrx_word' id='word_1_284' title='bbox 836 4035 1098 4041; x_wconf 95' lang='lat' dir='ltr'> </span> 
     </span>
    </p>
   </div>
   <div class='ocr_carea' id='block_1_6' title="bbox 688 4080 3055 4499">
    <p class='ocr_par' dir='ltr' id='par_1_8' title="bbox 862 4080 2406 4157">
     <span class='ocr_line' id='line_1_36' title="bbox 862 4080 2406 4157; baseline 0.005 -24"><span class='ocrx_word' id='word_1_285' title='bbox 862 4080 903 4148; x_wconf 89' lang='lat'>¹)</span> <span class='ocrx_word' id='word_1_286' title='bbox 938 4081 1117 4136; x_wconf 88' lang='lat' dir='ltr'>Aliter</span> <span class='ocrx_word' id='word_1_287' title='bbox 1152 4082 1359 4138; x_wconf 86' lang='lat' dir='ltr'>iudicat</span> <span class='ocrx_word' id='word_1_288' title='bbox 1395 4085 1463 4139; x_wconf 89' lang='lat' dir='ltr'>H.</span> <span class='ocrx_word' id='word_1_289' title='bbox 1502 4084 1849 4140; x_wconf 83' lang='lat' dir='ltr'>Schrader</span> <span class='ocrx_word' id='word_1_290' title='bbox 1887 4086 2120 4140; x_wconf 73' lang='lat' dir='ltr'>Sirenen</span> <span class='ocrx_word' id='word_1_291' title='bbox 2154 4103 2282 4157; x_wconf 83' lang='lat' dir='ltr'>pag.</span> <span class='ocrx_word' id='word_1_292' title='bbox 2325 4087 2406 4141; x_wconf 83' lang='lat'>16.</span> 
     </span>
    </p>

    <p class='ocr_par' dir='ltr' id='par_1_9' title="bbox 688 4164 3055 4325">
     <span class='ocr_line' id='line_1_37' title="bbox 865 4164 3055 4242; baseline 0.003 -22"><span class='ocrx_word' id='word_1_293' title='bbox 865 4164 906 4234; x_wconf 82' lang='lat'>²)</span> <span class='ocrx_word' id='word_1_294' title='bbox 944 4166 1007 4220; x_wconf 87' lang='lat' dir='ltr'>G.</span> <span class='ocrx_word' id='word_1_295' title='bbox 1046 4167 1385 4223; x_wconf 86' lang='lat' dir='ltr'>Wissowa</span> <span class='ocrx_word' id='word_1_296' title='bbox 1432 4169 1690 4239; x_wconf 70' lang='lat' dir='ltr'>Reliyion</span> <span class='ocrx_word' id='word_1_297' title='bbox 1726 4170 1845 4224; x_wconf 78' lang='lat' dir='ltr'>und</span> <span class='ocrx_word' id='word_1_298' title='bbox 1879 4170 2093 4224; x_wconf 74' lang='lat' dir='ltr'>Kultus</span> <span class='ocrx_word' id='word_1_299' title='bbox 2129 4171 2225 4225; x_wconf 84' lang='lat' dir='ltr'>cler</span> <span class='ocrx_word' id='word_1_300' title='bbox 2260 4172 2468 4227; x_wconf 80' lang='lat' dir='ltr'>Ro&#39;mer</span> <span class='ocrx_word' id='word_1_301' title='bbox 2503 4191 2554 4241; x_wconf 85' lang='lat' dir='ltr'>p.</span> <span class='ocrx_word' id='word_1_302' title='bbox 2596 4173 2840 4242; x_wconf 85' lang='lat' dir='ltr'>163‚.qui</span> <span class='ocrx_word' id='word_1_303' title='bbox 2877 4173 3055 4227; x_wconf 87' lang='lat' dir='ltr'>fusius</span> 
     </span>
     <span class='ocr_line' id='line_1_38' title="bbox 688 4250 1700 4325; baseline 0.007 -22"><span class='ocrx_word' id='word_1_304' title='bbox 688 4250 755 4305; x_wconf 87' lang='lat' dir='ltr'>de</span> <span class='ocrx_word' id='word_1_305' title='bbox 790 4251 951 4305; x_wconf 87' lang='lat' dir='ltr'>rebus</span> <span class='ocrx_word' id='word_1_306' title='bbox 988 4253 1086 4307; x_wconf 88' lang='lat' dir='ltr'>hoc</span> <span class='ocrx_word' id='word_1_307' title='bbox 1121 4253 1235 4307; x_wconf 90' lang='lat' dir='ltr'>loco</span> <span class='ocrx_word' id='word_1_308' title='bbox 1272 4256 1529 4310; x_wconf 81' lang='lat' dir='ltr'>tractatis</span> <span class='ocrx_word' id='word_1_309' title='bbox 1567 4257 1700 4325; x_wconf 87' lang='lat' dir='ltr'>egit.</span> 
     </span>
    </p>

    <p class='ocr_par' dir='ltr' id='par_1_10' title="bbox 863 4336 2981 4413">
     <span class='ocr_line' id='line_1_39' title="bbox 863 4336 2981 4413; baseline 0.004 -23"><span class='ocrx_word' id='word_1_310' title='bbox 863 4336 903 4404; x_wconf 79' lang='lat'>³)</span> <span class='ocrx_word' id='word_1_311' title='bbox 940 4353 993 4391; x_wconf 86' lang='lat' dir='ltr'>v.</span> <span class='ocrx_word' id='word_1_312' title='bbox 1030 4339 1091 4392; x_wconf 89' lang='lat' dir='ltr'>P.</span> <span class='ocrx_word' id='word_1_313' title='bbox 1131 4337 1311 4394; x_wconf 84' lang='lat' dir='ltr'>Ovidii</span> <span class='ocrx_word' id='word_1_314' title='bbox 1348 4341 1578 4396; x_wconf 85' lang='lat' dir='ltr'>Nasonis</span> <span class='ocrx_word' id='word_1_315' title='bbox 1616 4341 1884 4397; x_wconf 85' lang='lat' dir='ltr'>fastorum</span> <span class='ocrx_word' id='word_1_316' title='bbox 1922 4344 1956 4397; x_wconf 93' lang='lat' dir='ltr'>l.</span> <span class='ocrx_word' id='word_1_317' title='bbox 1996 4344 2077 4397; x_wconf 90' lang='lat' dir='ltr'>VI</span> <span class='ocrx_word' id='word_1_318' title='bbox 2112 4361 2298 4398; x_wconf 88' lang='lat' dir='ltr'>comm.</span> <span class='ocrx_word' id='word_1_319' title='bbox 2339 4345 2406 4398; x_wconf 88' lang='lat' dir='ltr'>H.</span> <span class='ocrx_word' id='word_1_320' title='bbox 2446 4346 2656 4399; x_wconf 90' lang='lat' dir='ltr'>Peter</span> <span class='ocrx_word' id='word_1_321' title='bbox 2690 4344 2776 4399; x_wconf 70' lang='grc' dir='ltr'>Π8</span> <span class='ocrx_word' id='word_1_322' title='bbox 2810 4362 2860 4413; x_wconf 89' lang='lat' dir='ltr'>p.</span> <span class='ocrx_word' id='word_1_323' title='bbox 2898 4345 2981 4399; x_wconf 83' lang='lat'>63.</span> 
     </span>
    </p>

    <p class='ocr_par' dir='ltr' id='par_1_11' title="bbox 859 4421 3055 4499">
     <span class='ocr_line' id='line_1_40' title="bbox 859 4421 3055 4499; baseline 0.003 -23"><span class='ocrx_word' id='word_1_324' title='bbox 859 4421 902 4489; x_wconf 85' lang='lat'>⁴)</span> <span class='ocrx_word' id='word_1_325' title='bbox 940 4423 1126 4490; x_wconf 89' lang='lat' dir='ltr'>Neque</span> <span class='ocrx_word' id='word_1_326' title='bbox 1144 4425 1382 4480; x_wconf 85' lang='lat' dir='ltr'>tribuam</span> <span class='ocrx_word' id='word_1_327' title='bbox 1404 4426 1699 4494; x_wconf 85' lang='lat' dir='ltr'>quidquam</span> <span class='ocrx_word' id='word_1_328' title='bbox 1722 4429 1892 4483; x_wconf 90' lang='lat' dir='ltr'>Plinii</span> <span class='ocrx_word' id='word_1_329' title='bbox 1912 4429 2094 4484; x_wconf 83' lang='lat' dir='ltr'>verbis</span> <span class='ocrx_word' id='word_1_330' title='bbox 2121 4431 2264 4486; x_wconf 89' lang='lat' dir='ltr'>Hist.</span> <span class='ocrx_word' id='word_1_331' title='bbox 2290 4435 2404 4485; x_wconf 85' lang='lat' dir='ltr'>nat.</span> <span class='ocrx_word' id='word_1_332' title='bbox 2425 4432 2617 4485; x_wconf 89' lang='lat' dir='ltr'>XVIII</span> <span class='ocrx_word' id='word_1_333' title='bbox 2641 4431 2743 4484; x_wconf 82' lang='lat'>284</span> <span class='ocrx_word' id='word_1_334' title='bbox 2758 4447 2845 4499; x_wconf 86' lang='lat' dir='ltr'>sq:</span> <span class='ocrx_word' id='word_1_335' title='bbox 2883 4429 3055 4484; x_wconf 81' lang='lat' dir='ltr'>Robi-</span> 
     </span>
    </p>
   </div>
  </div>
 </body>
</html>
